

<record>
  <leader>     nz  a22     n  4500</leader>
  <datafield tag="900" ind1=" " ind2=" ">
    <subfield code="a">J-NÁVRH-S</subfield>
  </datafield>
  <datafield tag="900" ind1=" " ind2=" ">
    <subfield code="a">J-OPRAVA</subfield>
  </datafield>
  <controlfield tag="001">js20201093792</controlfield>
  <controlfield tag="003">CZ PrNK</controlfield>
  <controlfield tag="005">20201124095125.0</controlfield>
  <controlfield tag="008">201123|n|aznnnaabn           n a|a      </controlfield>
  <datafield tag="024" ind1="7" ind2=" ">
    <subfield code="a">Q16630503</subfield>
    <subfield code="2">wikidata</subfield>
  </datafield>
  <datafield tag="040" ind1=" " ind2=" ">
    <subfield code="a">ABA004</subfield>
    <subfield code="b">cze</subfield>
    <subfield code="d">ABA004</subfield>
    <subfield code="e">rda</subfield>
  </datafield>
  <datafield tag="046" ind1=" " ind2=" ">
    <subfield code="f">1833</subfield>
    <subfield code="g">1915</subfield>
  </datafield>
  <datafield tag="100" ind1="1" ind2=" ">
    <subfield code="a">Vitte, Jelizaveta Ivanovna,</subfield>
    <subfield code="d">1833-1915</subfield>
    <subfield code="7">js20201093792</subfield>
  </datafield>
  <datafield tag="370" ind1=" " ind2=" ">
    <subfield code="c">Rusko</subfield>
  </datafield>
  <datafield tag="372" ind1=" " ind2=" ">
    <subfield code="a">publicistika</subfield>
  </datafield>
  <datafield tag="374" ind1=" " ind2=" ">
    <subfield code="a">učitelky</subfield>
    <subfield code="a">vychovatelky</subfield>
    <subfield code="a">spisovatelky</subfield>
    <subfield code="a">publicistky</subfield>
  </datafield>
  <datafield tag="375" ind1=" " ind2=" ">
    <subfield code="a">žena</subfield>
  </datafield>
  <datafield tag="377" ind1=" " ind2=" ">
    <subfield code="a">rus</subfield>
  </datafield>
  <datafield tag="400" ind1="1" ind2=" ">
    <subfield code="a">Vitte, Jelizaveta Ivanovna de,</subfield>
    <subfield code="d">1833-1915</subfield>
    <subfield code="0">o</subfield>
  </datafield>
  <datafield tag="400" ind1="1" ind2=" ">
    <subfield code="a">de-Vitte, Jelizaveta Ivanovna,</subfield>
    <subfield code="d">1833-1915</subfield>
    <subfield code="0">o</subfield>
  </datafield>
  <datafield tag="667" ind1=" " ind2=" ">
    <subfield code="a">Datum úmrtí asi v roce 1915 nebo později.</subfield>
  </datafield>
  <datafield tag="670" ind1=" " ind2=" ">
    <subfield code="a">RSL, cit. 23. 11. 2020</subfield>
    <subfield code="b">autoritní forma, datum narození a úmrtí, odkazy viz</subfield>
  </datafield>
  <datafield tag="670" ind1=" " ind2=" ">
    <subfield code="a">www(Vikipedija, svobodnaja ènciklopedija), cit. 23. 11. 2020</subfield>
    <subfield code="b">profesní údaje</subfield>
    <subfield code="u">https://ru.wikipedia.org/wiki/Витте_де,_Елизавета_Ивановна</subfield>
  </datafield>
  <datafield tag="670" ind1=" " ind2=" ">
    <subfield code="a">Vitte, Je. de: Putevyja vpečatlěnija s istoričeskimi očerkami, 1911</subfield>
  </datafield>
  <datafield tag="678" ind1="0" ind2=" ">
    <subfield code="a">Ruská učitelka, vychovatelka, spisovatelka a publicistka monarchistické orientace, autorka prací o ruských dějinách, literatuře, folkloru a školství.</subfield>
  </datafield>
  <datafield tag="930" ind1=" " ind2=" ">
    <subfield code="1">0247</subfield>
    <subfield code="a">000000008347624X</subfield>
    <subfield code="2">isni</subfield>
  </datafield>
  <datafield tag="906" ind1=" " ind2=" ">
    <subfield code="a">za20201123</subfield>
    <subfield code="b">raha</subfield>
  </datafield>
  <datafield tag="906" ind1=" " ind2=" ">
    <subfield code="a">no20201124</subfield>
    <subfield code="b">raha</subfield>
    <subfield code="c">024 - nově</subfield>
  </datafield>
</record>