

<record>
  <leader>     nz  a22     n  4500</leader>
  <controlfield tag="001">aun20201093798</controlfield>
  <controlfield tag="003">CZ PrNK</controlfield>
  <controlfield tag="005">20201123100925.0</controlfield>
  <controlfield tag="008">201123|n|aznnnaabn           n a|a      </controlfield>
  <datafield tag="040" ind1=" " ind2=" ">
    <subfield code="a">ABA001</subfield>
    <subfield code="b">cze</subfield>
    <subfield code="e">rda</subfield>
  </datafield>
  <datafield tag="100" ind1="1" ind2=" ">
    <subfield code="a">Kafka, Franz,</subfield>
    <subfield code="d">1883-1924.</subfield>
    <subfield code="t">Prozess.</subfield>
    <subfield code="l">Bulharsky</subfield>
    <subfield code="7">aun20201093798</subfield>
  </datafield>
  <datafield tag="400" ind1="1" ind2=" ">
    <subfield code="a">Kafka, Franz,</subfield>
    <subfield code="d">1883-1924.</subfield>
    <subfield code="t">Procesăt</subfield>
    <subfield code="0">o</subfield>
  </datafield>
  <datafield tag="667" ind1=" " ind2=" ">
    <subfield code="a">Úplný název: Der Prozess.</subfield>
  </datafield>
  <datafield tag="670" ind1=" " ind2=" ">
    <subfield code="a">Slovník spisovatelů německého jazyka a spisovatelů lužickosrbských : Odeon</subfield>
  </datafield>
  <datafield tag="670" ind1=" " ind2=" ">
    <subfield code="a">CONOR.BG, cit. 23. 11. 2020</subfield>
  </datafield>
  <datafield tag="906" ind1=" " ind2=" ">
    <subfield code="a">br20201123</subfield>
    <subfield code="b">blau</subfield>
  </datafield>
  <datafield tag="906" ind1=" " ind2=" ">
    <subfield code="a">ks20201123</subfield>
    <subfield code="b">blau</subfield>
  </datafield>
</record>