

<record>
  <leader>     nz  a22     n  4500</leader>
  <controlfield tag="001">kon20201093800</controlfield>
  <controlfield tag="003">CZ PrNK</controlfield>
  <controlfield tag="005">20201123101552.0</controlfield>
  <controlfield tag="008">201123|n|aznnnaabn           n a|a      </controlfield>
  <datafield tag="040" ind1=" " ind2=" ">
    <subfield code="a">ABA001</subfield>
    <subfield code="b">cze</subfield>
    <subfield code="e">rda</subfield>
  </datafield>
  <datafield tag="110" ind1="2" ind2=" ">
    <subfield code="a">Verein Deutsche Akademie für Musik und darstellende Kunst in Prag.</subfield>
    <subfield code="t">Výroční zpráva (Verein Deutsche Akademie für Musik und darstellende Kunst in Prag).</subfield>
    <subfield code="l">Německy</subfield>
    <subfield code="7">kon20201093800</subfield>
  </datafield>
  <datafield tag="410" ind1="2" ind2=" ">
    <subfield code="a">Verein Deutsche Akademie für Musik und darstellende Kunst in Prag.</subfield>
    <subfield code="t">Jahresbericht Verein Deutsche Akademie für Musik und darstellende Kunst in Prag.</subfield>
    <subfield code="l">Německy</subfield>
    <subfield code="0">o</subfield>
  </datafield>
  <datafield tag="670" ind1=" " ind2=" ">
    <subfield code="a">... Jahresbericht Verein Deutsche Akademie für Musik und darstellende Kunst in Prag. Prag : Verlag des Vereines, [1920-1945?]</subfield>
  </datafield>
  <datafield tag="906" ind1=" " ind2=" ">
    <subfield code="a">br20201123</subfield>
    <subfield code="b">juri</subfield>
  </datafield>
  <datafield tag="906" ind1=" " ind2=" ">
    <subfield code="a">ks20201123</subfield>
    <subfield code="b">juri</subfield>
  </datafield>
</record>