

<record>
  <leader>     nz  a22     n  4500</leader>
  <controlfield tag="001">ko20201093803</controlfield>
  <controlfield tag="003">CZ PrNK</controlfield>
  <controlfield tag="005">20201124113411.0</controlfield>
  <controlfield tag="008">201123|n|aznnnaabn           n a|a      </controlfield>
  <datafield tag="040" ind1=" " ind2=" ">
    <subfield code="a">ABA001</subfield>
    <subfield code="b">cze</subfield>
    <subfield code="d">ABA001</subfield>
    <subfield code="e">rda</subfield>
  </datafield>
  <datafield tag="111" ind1="2" ind2=" ">
    <subfield code="a">Convegno internazionale su La donna nel Rinascimento, amore, famiglia, cultura, potere (konference)</subfield>
    <subfield code="d">(2017 :</subfield>
    <subfield code="c">Chianciano Terme, Itálie;</subfield>
    <subfield code="c">Montepulciano, Itálie)</subfield>
    <subfield code="7">ko20201093803</subfield>
  </datafield>
  <datafield tag="368" ind1=" " ind2=" ">
    <subfield code="a">mezinárodní konference</subfield>
    <subfield code="a">konference</subfield>
  </datafield>
  <datafield tag="370" ind1=" " ind2=" ">
    <subfield code="c">Itálie</subfield>
    <subfield code="e">Chianciano Terme, Itálie</subfield>
    <subfield code="e">Montepulciano, Itálie</subfield>
  </datafield>
  <datafield tag="372" ind1=" " ind2=" ">
    <subfield code="a">renesance</subfield>
    <subfield code="a">ženy</subfield>
    <subfield code="a">ženy v literatuře</subfield>
    <subfield code="a">rodina</subfield>
    <subfield code="a">kultura a společnost</subfield>
  </datafield>
  <datafield tag="377" ind1=" " ind2=" ">
    <subfield code="a">ita</subfield>
    <subfield code="a">eng</subfield>
    <subfield code="a">fre</subfield>
    <subfield code="a">spa</subfield>
  </datafield>
  <datafield tag="411" ind1="2" ind2=" ">
    <subfield code="a">Donna nel Rinascimento (konference)</subfield>
    <subfield code="d">(2017 :</subfield>
    <subfield code="c">Chianciano Terme, Itálie ;</subfield>
    <subfield code="c">Montepulciano, Itálie)</subfield>
    <subfield code="0">o</subfield>
  </datafield>
  <datafield tag="670" ind1=" " ind2=" ">
    <subfield code="a">A cura di Secchi Tarugi, Luisa: La donna nel Rinascimento : amore, famiglia, cultura, potere : atti del XXIX Convegno internazionale (Chianciano Terme - Montepulciano, 20-22 luglio 2017), 2019</subfield>
    <subfield code="b">odkaz viz</subfield>
  </datafield>
  <datafield tag="670" ind1=" " ind2=" ">
    <subfield code="a">LC (Names), cit. 23. 11. 2020</subfield>
    <subfield code="b">autoritní forma</subfield>
  </datafield>
  <datafield tag="906" ind1=" " ind2=" ">
    <subfield code="a">za20201123</subfield>
    <subfield code="b">full</subfield>
  </datafield>
  <datafield tag="906" ind1=" " ind2=" ">
    <subfield code="a">vr20201124</subfield>
    <subfield code="b">svsv</subfield>
  </datafield>
</record>