

<record>
  <leader>     nz  a22     n  4500</leader>
  <datafield tag="900" ind1=" " ind2=" ">
    <subfield code="a">J-NÁVRH-STT</subfield>
  </datafield>
  <controlfield tag="001">ntk20201093809</controlfield>
  <controlfield tag="003">CZ PrNK</controlfield>
  <controlfield tag="005">20201123124311.0</controlfield>
  <controlfield tag="008">201123|n|aznnnaabn           n a|a      </controlfield>
  <datafield tag="024" ind1="7" ind2=" ">
    <subfield code="a">0000000079119661</subfield>
    <subfield code="2">isni</subfield>
  </datafield>
  <datafield tag="024" ind1="7" ind2=" ">
    <subfield code="a">Q59532017</subfield>
    <subfield code="2">wikidata</subfield>
  </datafield>
  <datafield tag="040" ind1=" " ind2=" ">
    <subfield code="a">ABA013</subfield>
    <subfield code="b">cze</subfield>
    <subfield code="e">rda</subfield>
  </datafield>
  <datafield tag="046" ind1=" " ind2=" ">
    <subfield code="f">1634</subfield>
    <subfield code="g">1711</subfield>
  </datafield>
  <datafield tag="100" ind1="1" ind2=" ">
    <subfield code="a">Reumann, Joachim,</subfield>
    <subfield code="d">1634-1711</subfield>
    <subfield code="7">ntk20201093809</subfield>
  </datafield>
  <datafield tag="370" ind1=" " ind2=" ">
    <subfield code="c">Německo</subfield>
    <subfield code="s">1657</subfield>
    <subfield code="t">1711</subfield>
  </datafield>
  <datafield tag="370" ind1=" " ind2=" ">
    <subfield code="f">Greifswald, Německo</subfield>
    <subfield code="s">1657</subfield>
    <subfield code="t">1659</subfield>
  </datafield>
  <datafield tag="370" ind1=" " ind2=" ">
    <subfield code="f">Stralsund, Německo</subfield>
    <subfield code="s">1660</subfield>
    <subfield code="t">1664</subfield>
  </datafield>
  <datafield tag="370" ind1=" " ind2=" ">
    <subfield code="f">Kiel, Německo</subfield>
    <subfield code="s">1665</subfield>
    <subfield code="t">1710</subfield>
  </datafield>
  <datafield tag="370" ind1=" " ind2=" ">
    <subfield code="f">Hamburk, Německo</subfield>
    <subfield code="s">1698</subfield>
    <subfield code="t">1711</subfield>
  </datafield>
  <datafield tag="370" ind1=" " ind2=" ">
    <subfield code="f">Lübeck, Německo</subfield>
    <subfield code="s">1704</subfield>
  </datafield>
  <datafield tag="372" ind1=" " ind2=" ">
    <subfield code="a">knižní obchod</subfield>
    <subfield code="a">knihtisk</subfield>
    <subfield code="a">prodej publikací</subfield>
    <subfield code="a">knižní produkce</subfield>
    <subfield code="a">nakladatelství a vydavatelství</subfield>
    <subfield code="a">knižní kultur</subfield>
  </datafield>
  <datafield tag="374" ind1=" " ind2=" ">
    <subfield code="a">knihkupci</subfield>
    <subfield code="a">tiskaři</subfield>
    <subfield code="a">nakladatelé a vydavatelé</subfield>
  </datafield>
  <datafield tag="375" ind1=" " ind2=" ">
    <subfield code="a">muž</subfield>
  </datafield>
  <datafield tag="377" ind1=" " ind2=" ">
    <subfield code="a">lat</subfield>
    <subfield code="a">ger</subfield>
    <subfield code="a">heb</subfield>
  </datafield>
  <datafield tag="400" ind1="1" ind2=" ">
    <subfield code="a">Reuman, Joachim,</subfield>
    <subfield code="d">1634-1711</subfield>
    <subfield code="0">o</subfield>
  </datafield>
  <datafield tag="400" ind1="1" ind2=" ">
    <subfield code="a">Reuman, Joachimus,</subfield>
    <subfield code="d">1634-1711</subfield>
    <subfield code="0">o</subfield>
  </datafield>
  <datafield tag="400" ind1="1" ind2=" ">
    <subfield code="a">Reumann, Joachimus,</subfield>
    <subfield code="d">1634-1711</subfield>
    <subfield code="0">o</subfield>
  </datafield>
  <datafield tag="400" ind1="1" ind2=" ">
    <subfield code="a">Reumannus, Joachimus,</subfield>
    <subfield code="d">1634-1711</subfield>
    <subfield code="0">o</subfield>
  </datafield>
  <datafield tag="400" ind1="1" ind2=" ">
    <subfield code="a">Reumanus, Joachimus,</subfield>
    <subfield code="d">1634-1711</subfield>
    <subfield code="0">o</subfield>
  </datafield>
  <datafield tag="400" ind1="1" ind2=" ">
    <subfield code="a">Reimann, Joachim,</subfield>
    <subfield code="d">1634-1711</subfield>
    <subfield code="0">o</subfield>
  </datafield>
  <datafield tag="400" ind1="1" ind2=" ">
    <subfield code="a">Reimannus, Joachimus,</subfield>
    <subfield code="d">1634-1711</subfield>
    <subfield code="0">o</subfield>
  </datafield>
  <datafield tag="500" ind1="1" ind2=" ">
    <subfield code="a">Hoffer, Rudolf,</subfield>
    <subfield code="d">-1737</subfield>
    <subfield code="7">jo20191044196</subfield>
  </datafield>
  <datafield tag="510" ind1="2" ind2=" ">
    <subfield code="a">Literis Reumannianis</subfield>
    <subfield code="7">ntk20201093859</subfield>
  </datafield>
  <datafield tag="665" ind1=" " ind2=" ">
    <subfield code="a">Vlastněná firma: Literis Reumannianis. Pokračovatel: Hoffer, Rudolf (-1737)</subfield>
  </datafield>
  <datafield tag="667" ind1=" " ind2=" ">
    <subfield code="a">http://d-nb.info/gnd/133298620.</subfield>
  </datafield>
  <datafield tag="667" ind1=" " ind2=" ">
    <subfield code="a">DNB uvádí, že datum úmrtí je sporný, nicméně většina bibliografických agentur jej uvádí bez této poznámky.</subfield>
  </datafield>
  <datafield tag="670" ind1=" " ind2=" ">
    <subfield code="a">SAMUELIS REYHERI BACILLI SEXAGENALES, i.e. Descriptio Logisticæ Sexagenariæ per Bacillos exercendæ, cui præmittuntur Utilia quædam problemata, ... KILIÆ: Typis Joachimi Reumanni Acad. Typogr., 1688</subfield>
    <subfield code="b">odkaz viz</subfield>
    <subfield code="u">http://diglib.hab.de/drucke/xb-7780/start.htm</subfield>
  </datafield>
  <datafield tag="670" ind1=" " ind2=" ">
    <subfield code="a">DNB, cit. 23. 11. 2020</subfield>
    <subfield code="b">autoritní forma, odkazy viz, odkazy viz též, datum úmrtí a místa činnosti</subfield>
    <subfield code="u">http://d-nb.info/gnd/133298620</subfield>
  </datafield>
  <datafield tag="678" ind1="0" ind2=" ">
    <subfield code="a">Německý knihkupec, tiskař a nakladatel působící v letech 1657-1711 v Meklenbursku-Předním Pomořansku a Šlesvicku-Holštýnsku (postupně v Greifswaldu, Stralsundu, Kielu, Hamburku a Lübecku). V činnosti navazoval na svého otce nakladatele Otto Reumanna (činný 1634-1680). Založil a provozovat až do své smrti vlastní firmu „Literis Reumannianis“. Tiskárnu pak převzal jeho faktor Rudolf Hoffer a provozoval ji pod vlastním jménem až do r. 1737, kdy zemřel.</subfield>
  </datafield>
  <datafield tag="906" ind1=" " ind2=" ">
    <subfield code="a">za20201123</subfield>
    <subfield code="b">evbr</subfield>
  </datafield>
  <datafield tag="906" ind1=" " ind2=" ">
    <subfield code="a">ko20201123</subfield>
    <subfield code="b">evbr</subfield>
  </datafield>
</record>