

<record>
  <leader>     nz  a22     n  4500</leader>
  <controlfield tag="001">kon20201093810</controlfield>
  <controlfield tag="003">CZ PrNK</controlfield>
  <controlfield tag="005">20201123104403.0</controlfield>
  <controlfield tag="008">201123|n|aznnnaabn           n a|a      </controlfield>
  <datafield tag="040" ind1=" " ind2=" ">
    <subfield code="a">ABA001</subfield>
    <subfield code="b">cze</subfield>
    <subfield code="e">rda</subfield>
  </datafield>
  <datafield tag="110" ind1="2" ind2=" ">
    <subfield code="a">Okresní archiv Chrudim.</subfield>
    <subfield code="t">Výroční zpráva (Okresní archiv Chrudim)</subfield>
    <subfield code="7">kon20201093810</subfield>
  </datafield>
  <datafield tag="410" ind1="2" ind2=" ">
    <subfield code="a">Okresní archiv Chrudim.</subfield>
    <subfield code="t">Výroční zpráva o činnosti archivu</subfield>
    <subfield code="0">o</subfield>
  </datafield>
  <datafield tag="670" ind1=" " ind2=" ">
    <subfield code="a">Výroční zpráva o činnosti archivu. [Chrudim] : [Okresní archiv v Chrudimi], 1960-[1992?]</subfield>
  </datafield>
  <datafield tag="906" ind1=" " ind2=" ">
    <subfield code="a">br20201123</subfield>
    <subfield code="b">juri</subfield>
  </datafield>
  <datafield tag="906" ind1=" " ind2=" ">
    <subfield code="a">ks20201123</subfield>
    <subfield code="b">juri</subfield>
  </datafield>
</record>