

<record>
  <leader>     nz  a22     n  4500</leader>
  <controlfield tag="001">jo20201093816</controlfield>
  <controlfield tag="003">CZ PrNK</controlfield>
  <controlfield tag="005">20201123104900.0</controlfield>
  <controlfield tag="008">201123|n|aznnnaabn           n a|a      </controlfield>
  <datafield tag="040" ind1=" " ind2=" ">
    <subfield code="a">ABA001</subfield>
    <subfield code="b">cze</subfield>
    <subfield code="e">rda</subfield>
  </datafield>
  <datafield tag="046" ind1=" " ind2=" ">
    <subfield code="f">1250</subfield>
    <subfield code="g">1329</subfield>
  </datafield>
  <datafield tag="100" ind1="0" ind2=" ">
    <subfield code="a">Bedřich,</subfield>
    <subfield code="c">z Řezna,</subfield>
    <subfield code="d">asi 1250-1329</subfield>
    <subfield code="7">jo20201093816</subfield>
  </datafield>
  <datafield tag="368" ind1=" " ind2=" ">
    <subfield code="d">OSA</subfield>
  </datafield>
  <datafield tag="370" ind1=" " ind2=" ">
    <subfield code="c">Německo</subfield>
    <subfield code="f">Řezno, Německo</subfield>
  </datafield>
  <datafield tag="373" ind1=" " ind2=" ">
    <subfield code="a">Augustiniáni</subfield>
  </datafield>
  <datafield tag="375" ind1=" " ind2=" ">
    <subfield code="a">muž</subfield>
  </datafield>
  <datafield tag="400" ind1="0" ind2=" ">
    <subfield code="a">Friedrich,</subfield>
    <subfield code="c">von Regensburg,</subfield>
    <subfield code="d">asi 1250-1329</subfield>
    <subfield code="0">o</subfield>
  </datafield>
  <datafield tag="400" ind1="0" ind2=" ">
    <subfield code="a">Fridericus,</subfield>
    <subfield code="c">de Ratisbona,</subfield>
    <subfield code="d">asi 1250-1329</subfield>
    <subfield code="0">o</subfield>
  </datafield>
  <datafield tag="400" ind1="1" ind2=" ">
    <subfield code="a">Ratisbona, Fridericus de,</subfield>
    <subfield code="d">asi 1250-1329</subfield>
    <subfield code="0">o</subfield>
  </datafield>
  <datafield tag="400" ind1="0" ind2=" ">
    <subfield code="a">Frederik,</subfield>
    <subfield code="c">Ratisbon,</subfield>
    <subfield code="d">asi 1250-1329</subfield>
    <subfield code="0">o</subfield>
  </datafield>
  <datafield tag="400" ind1="0" ind2=" ">
    <subfield code="a">Fridericus,</subfield>
    <subfield code="c">Ratisbon,</subfield>
    <subfield code="d">asi 1250-1329</subfield>
    <subfield code="0">o</subfield>
  </datafield>
  <datafield tag="670" ind1=" " ind2=" ">
    <subfield code="a">Podlaha, Anton: Zwei Legenden über das Leben des Laienbruders Friedrich von Regensburg, 1905</subfield>
  </datafield>
  <datafield tag="670" ind1=" " ind2=" ">
    <subfield code="a">www(ŽIVOTOPISY SVATÝCH), cit. 23. 11. 2020</subfield>
    <subfield code="b">odkazy viz</subfield>
    <subfield code="u">http://catholica.cz/?id=5852</subfield>
  </datafield>
  <datafield tag="670" ind1=" " ind2=" ">
    <subfield code="a">www(Wikipedia, die freie Enzyklopädie), cit. 23. 11. 2020</subfield>
    <subfield code="u">https://de.wikipedia.org/wiki/Friedrich_von_Regensburg</subfield>
  </datafield>
  <datafield tag="670" ind1=" " ind2=" ">
    <subfield code="a">DNB, cit. 23. 11. 2020</subfield>
    <subfield code="b">data, odkazy viz</subfield>
  </datafield>
  <datafield tag="670" ind1=" " ind2=" ">
    <subfield code="a">Schauber, Vera - Schindler, Hanns Michael: Rok se svatými. Kostelní Vydří : Karmelitánské nakladatelství, 2002</subfield>
    <subfield code="b">autoritní forma, biografické údaje</subfield>
  </datafield>
  <datafield tag="678" ind1="0" ind2=" ">
    <subfield code="a">Laický člen řádu Augustiniánů, blahoslaven 12. 5. 1909.</subfield>
  </datafield>
  <datafield tag="906" ind1=" " ind2=" ">
    <subfield code="a">br20201123</subfield>
    <subfield code="b">tone</subfield>
  </datafield>
</record>