

<record>
  <leader>     nz  a22     n  4500</leader>
  <controlfield tag="001">kon20201093826</controlfield>
  <controlfield tag="003">CZ PrNK</controlfield>
  <controlfield tag="005">20201123110531.0</controlfield>
  <controlfield tag="008">201123|n|aznnnaabn           n a|a      </controlfield>
  <datafield tag="040" ind1=" " ind2=" ">
    <subfield code="a">ABA001</subfield>
    <subfield code="b">cze</subfield>
    <subfield code="e">rda</subfield>
  </datafield>
  <datafield tag="110" ind1="2" ind2=" ">
    <subfield code="a">Státní zemská ústředna pro Království české pro péči o vrátivší se vojíny.</subfield>
    <subfield code="b">Výbor pro vyučování.</subfield>
    <subfield code="t">Výroční zpráva (Státní zemská ústředna pro Království české pro péči o vrátivší se vojíny. Výbor pro vyučování)</subfield>
    <subfield code="7">kon20201093826</subfield>
  </datafield>
  <datafield tag="410" ind1="2" ind2=" ">
    <subfield code="a">Státní zemská ústředna pro Království české pro péči o vrátivší se vojíny.</subfield>
    <subfield code="b">Výbor pro vyučování.</subfield>
    <subfield code="t">Zpráva o činnosti Výboru pro vyučování Státní zemské ústředny</subfield>
    <subfield code="0">o</subfield>
  </datafield>
  <datafield tag="670" ind1=" " ind2=" ">
    <subfield code="a">Zpráva o činnosti Výboru pro vyučování Státní zemské ústředny v roce 1916. V Praze : [Státní zemská ústředna, Výbor pro vyučování], [1917]</subfield>
  </datafield>
  <datafield tag="906" ind1=" " ind2=" ">
    <subfield code="a">br20201123</subfield>
    <subfield code="b">juri</subfield>
  </datafield>
  <datafield tag="906" ind1=" " ind2=" ">
    <subfield code="a">ks20201123</subfield>
    <subfield code="b">juri</subfield>
  </datafield>
</record>