

<record>
  <leader>     nz  a22     n  4500</leader>
  <datafield tag="900" ind1=" " ind2=" ">
    <subfield code="a">K-NÁVRH</subfield>
  </datafield>
  <controlfield tag="001">ko20201093829</controlfield>
  <controlfield tag="003">CZ PrNK</controlfield>
  <controlfield tag="005">20201123111111.0</controlfield>
  <controlfield tag="008">201123|n|aznnnaabn           n a|a      </controlfield>
  <datafield tag="040" ind1=" " ind2=" ">
    <subfield code="a">ABA001</subfield>
    <subfield code="b">cze</subfield>
    <subfield code="e">rda</subfield>
  </datafield>
  <datafield tag="110" ind1="2" ind2=" ">
    <subfield code="a">Museo Comunale d'Arte Moderna Ascona</subfield>
    <subfield code="7">ko20201093829</subfield>
  </datafield>
  <datafield tag="370" ind1=" " ind2=" ">
    <subfield code="c">Česko</subfield>
  </datafield>
  <datafield tag="670" ind1=" " ind2=" ">
    <subfield code="a">edited by Roman Zieglgänsberger, Annegret Hoberg, and Matthias Mühling ; with contributions by Mara Folini, Jelena Hahl-Fontaine, Annegret Hoberg, Angelica Jawlensky Bianconi, Laima Laučkaité, Anna Straetmans, Sandra Uhrig and Roman Zieglgänsberger: Soulmates : Alexej von Jawlensky and Marianne von Werefkin</subfield>
  </datafield>
  <datafield tag="670" ind1=" " ind2=" ">
    <subfield code="a">www.museoascona.ch/it/museo-comunale-d-arte-moderna</subfield>
  </datafield>
  <datafield tag="856" ind1="4" ind2="2">
    <subfield code="u">https://www.museoascona.ch/it/museo-comunale-d-arte-moderna</subfield>
    <subfield code="4">N</subfield>
  </datafield>
  <datafield tag="906" ind1=" " ind2=" ">
    <subfield code="a">za20201123</subfield>
  </datafield>
</record>