

<record>
  <leader>     cz  a22     n  4500</leader>
  <controlfield tag="001">xx0254333</controlfield>
  <controlfield tag="003">CZ PrNK</controlfield>
  <controlfield tag="005">20201124094320.0</controlfield>
  <controlfield tag="008">201123|n|aznnnaabn           n a|a      </controlfield>
  <datafield tag="040" ind1=" " ind2=" ">
    <subfield code="a">ABE370</subfield>
    <subfield code="b">cze</subfield>
    <subfield code="d">ABA001</subfield>
    <subfield code="e">rda</subfield>
  </datafield>
  <datafield tag="110" ind1="2" ind2=" ">
    <subfield code="a">Bukanýři (hudební skupina)</subfield>
    <subfield code="7">xx0254333</subfield>
  </datafield>
  <datafield tag="368" ind1=" " ind2=" ">
    <subfield code="a">hudební skupiny</subfield>
    <subfield code="s">1969</subfield>
    <subfield code="t">1981</subfield>
  </datafield>
  <datafield tag="370" ind1=" " ind2=" ">
    <subfield code="c">Česko</subfield>
  </datafield>
  <datafield tag="372" ind1=" " ind2=" ">
    <subfield code="a">hudba</subfield>
  </datafield>
  <datafield tag="670" ind1=" " ind2=" ">
    <subfield code="a">Dokážu to sám [zvukový záznam], 1976 - účinkují Bukanýři</subfield>
  </datafield>
  <datafield tag="670" ind1=" " ind2=" ">
    <subfield code="a">www(CzechMusic Database), cit. 23. 11. 2020</subfield>
    <subfield code="b">autoritní forma, data, historické údaje</subfield>
    <subfield code="u">http://www.czechmusic.net/band.php?id=422-Bukanyri</subfield>
  </datafield>
  <datafield tag="678" ind1=" " ind2=" ">
    <subfield code="a">Folkrocková skupina působící v letech 1969-1981.</subfield>
  </datafield>
  <datafield tag="906" ind1=" " ind2=" ">
    <subfield code="a">za20201123</subfield>
    <subfield code="b">xdars</subfield>
  </datafield>
  <datafield tag="906" ind1=" " ind2=" ">
    <subfield code="a">op20201124</subfield>
    <subfield code="b">svsv</subfield>
    <subfield code="c">Biografická poznámka - formální oprava</subfield>
  </datafield>
</record>