

<record>
  <leader>     nz  a22     n  4500</leader>
  <controlfield tag="001">kon20201093852</controlfield>
  <controlfield tag="003">CZ PrNK</controlfield>
  <controlfield tag="005">20201123121850.0</controlfield>
  <controlfield tag="008">201123|n|aznnnaabn           n a|a      </controlfield>
  <datafield tag="040" ind1=" " ind2=" ">
    <subfield code="a">ABA001</subfield>
    <subfield code="b">cze</subfield>
    <subfield code="e">rda</subfield>
  </datafield>
  <datafield tag="110" ind1="2" ind2=" ">
    <subfield code="a">Buštěhradská dráha (firma).</subfield>
    <subfield code="t">Výroční zpráva (Buštěhradská dráha (firma)).</subfield>
    <subfield code="l">Německy</subfield>
    <subfield code="7">kon20201093852</subfield>
  </datafield>
  <datafield tag="410" ind1="2" ind2=" ">
    <subfield code="a">Buštěhradská dráha (firma).</subfield>
    <subfield code="t">Geschäfts-Bericht und Rechnungs-Abschlüsse der Ausschliessend priv. Buschtěhrader Eisenbahn</subfield>
    <subfield code="0">o</subfield>
  </datafield>
  <datafield tag="670" ind1=" " ind2=" ">
    <subfield code="a">Geschäfts-Bericht und Rechnungs-Abschlüsse der Ausschliessend priv. Buschtěhrader Eisenbahn. In: Zweiundvierzigste, als ordentliche fünfunddreißigste General-Versammlung. Prag : Verlag der Ausschl. priv. Buschtěhrader Eisenbahn, 1888</subfield>
  </datafield>
  <datafield tag="906" ind1=" " ind2=" ">
    <subfield code="a">br20201123</subfield>
    <subfield code="b">juri</subfield>
  </datafield>
  <datafield tag="906" ind1=" " ind2=" ">
    <subfield code="a">ks20201123</subfield>
    <subfield code="b">juri</subfield>
  </datafield>
</record>