

<record>
  <leader>     nz  a22     n  4500</leader>
  <datafield tag="900" ind1=" " ind2=" ">
    <subfield code="a">K-NÁVRH</subfield>
  </datafield>
  <controlfield tag="001">ntk20201093859</controlfield>
  <controlfield tag="003">CZ PrNK</controlfield>
  <controlfield tag="005">20201123124019.0</controlfield>
  <controlfield tag="008">201123|n|aznnnaabn           n a|a      </controlfield>
  <datafield tag="040" ind1=" " ind2=" ">
    <subfield code="a">ABA013</subfield>
    <subfield code="b">cze</subfield>
    <subfield code="e">rda</subfield>
  </datafield>
  <datafield tag="110" ind1="2" ind2=" ">
    <subfield code="a">Literis Reumannianis</subfield>
    <subfield code="7">ntk20201093859</subfield>
  </datafield>
  <datafield tag="368" ind1=" " ind2=" ">
    <subfield code="a">tiskárny</subfield>
    <subfield code="a">firmy</subfield>
  </datafield>
  <datafield tag="370" ind1=" " ind2=" ">
    <subfield code="c">Německo</subfield>
    <subfield code="s">1657</subfield>
    <subfield code="t">1711</subfield>
  </datafield>
  <datafield tag="370" ind1=" " ind2=" ">
    <subfield code="f">Greifswald, Německo</subfield>
    <subfield code="s">1657</subfield>
    <subfield code="t">1659</subfield>
  </datafield>
  <datafield tag="370" ind1=" " ind2=" ">
    <subfield code="f">Stralsund, Německo</subfield>
    <subfield code="s">1660</subfield>
    <subfield code="t">1664</subfield>
  </datafield>
  <datafield tag="370" ind1=" " ind2=" ">
    <subfield code="f">Kiel, Německo</subfield>
    <subfield code="s">1665</subfield>
    <subfield code="t">1710</subfield>
  </datafield>
  <datafield tag="370" ind1=" " ind2=" ">
    <subfield code="f">Hamburk, Německo</subfield>
    <subfield code="s">1698</subfield>
    <subfield code="t">1711</subfield>
  </datafield>
  <datafield tag="370" ind1=" " ind2=" ">
    <subfield code="f">Lübeck, Německo</subfield>
    <subfield code="s">1704</subfield>
  </datafield>
  <datafield tag="372" ind1=" " ind2=" ">
    <subfield code="a">knihtisk</subfield>
    <subfield code="a">typografie</subfield>
    <subfield code="a">knižní produkce</subfield>
    <subfield code="a">knižní kultura</subfield>
    <subfield code="a">knižní obchod</subfield>
  </datafield>
  <datafield tag="377" ind1=" " ind2=" ">
    <subfield code="a">lat</subfield>
    <subfield code="a">ger</subfield>
  </datafield>
  <datafield tag="410" ind1="2" ind2=" ">
    <subfield code="a">Reumannische Buchdruckerey</subfield>
    <subfield code="0">o</subfield>
  </datafield>
  <datafield tag="410" ind1="2" ind2=" ">
    <subfield code="a">Reumannische Druckerey</subfield>
    <subfield code="0">o</subfield>
  </datafield>
  <datafield tag="410" ind1="2" ind2=" ">
    <subfield code="a">Reumannische Schriffte</subfield>
    <subfield code="0">o</subfield>
  </datafield>
  <datafield tag="410" ind1="2" ind2=" ">
    <subfield code="a">Reumannische Schrifften</subfield>
    <subfield code="0">o</subfield>
  </datafield>
  <datafield tag="410" ind1="2" ind2=" ">
    <subfield code="a">Sumptibus Reumannianis</subfield>
    <subfield code="2">czelat</subfield>
    <subfield code="0">o</subfield>
  </datafield>
  <datafield tag="410" ind1="2" ind2=" ">
    <subfield code="a">Typis Joachimi Reumanni (firma)</subfield>
    <subfield code="2">czelat</subfield>
    <subfield code="0">o</subfield>
  </datafield>
  <datafield tag="410" ind1="2" ind2=" ">
    <subfield code="a">Typis Joachimi Reumanni Acad. Typogr. (firma)</subfield>
    <subfield code="2">czelat</subfield>
    <subfield code="0">o</subfield>
  </datafield>
  <datafield tag="410" ind1="2" ind2=" ">
    <subfield code="a">Litteris Joach. Reumanni, Acad. Typogr. (firma)</subfield>
    <subfield code="2">czelat</subfield>
    <subfield code="0">o</subfield>
  </datafield>
  <datafield tag="410" ind1="2" ind2=" ">
    <subfield code="a">Litteris Joach. Reumanni (firma)</subfield>
    <subfield code="2">czelat</subfield>
    <subfield code="0">o</subfield>
  </datafield>
  <datafield tag="410" ind1="2" ind2=" ">
    <subfield code="a">Literis &amp; Sumptibus Joachimi Reumanni, Acad. Typogr. (firma)</subfield>
    <subfield code="2">czelat</subfield>
    <subfield code="0">o</subfield>
  </datafield>
  <datafield tag="500" ind1="1" ind2=" ">
    <subfield code="a">Reumann, Joachim,</subfield>
    <subfield code="d">1634-1711</subfield>
    <subfield code="7">ntk20201093809</subfield>
  </datafield>
  <datafield tag="665" ind1=" " ind2=" ">
    <subfield code="a">Majitel firmy: Reuman, Joachim (1634-1711).</subfield>
  </datafield>
  <datafield tag="667" ind1=" " ind2=" ">
    <subfield code="a">http://d-nb.info/gnd/1059222302.</subfield>
  </datafield>
  <datafield tag="670" ind1=" " ind2=" ">
    <subfield code="a">SAMUELIS REYHERI BACILLI SEXAGENALES, i.e. Descriptio Logisticæ Sexagenariæ per Bacillos exercendæ, cui præmittuntur Utilia quædam problemata, ... KILIÆ: Typis Joachimi Reumanni Acad. Typogr., 1688</subfield>
    <subfield code="b">odkaz viz</subfield>
    <subfield code="u">http://diglib.hab.de/drucke/xb-7780/start.htm</subfield>
  </datafield>
  <datafield tag="670" ind1=" " ind2=" ">
    <subfield code="a">DNB, cit. 23. 11. 2020</subfield>
    <subfield code="b">autoritní forma, odkazy viz, odkaz viz též, data a místa činnosti, údaje o firmě</subfield>
    <subfield code="u">http://d-nb.info/gnd/1059222302</subfield>
  </datafield>
  <datafield tag="675" ind1=" " ind2=" ">
    <subfield code="a">LC (Names), cit. 23. 11. 2020</subfield>
  </datafield>
  <datafield tag="678" ind1=" " ind2=" ">
    <subfield code="a">Německá tiskařská firma, činná v letech 1657-1711 v Meklenbursku-Předním Pomořansku a Šlesvicku-Holštýnsku (v Greifswaldu, Stralsundu, Kielu, Hamburku a Lübecku). Zakladatelem a provozovatelem firmy byl tiskař Joachim Reumann (1634-1711). Po jeho úmrtí tiskárnu v r. 1711 převzal jeho faktor Rudolf Hoffer (zemřel v roce 1737).</subfield>
  </datafield>
  <datafield tag="906" ind1=" " ind2=" ">
    <subfield code="a">za20201123</subfield>
    <subfield code="b">evbr</subfield>
  </datafield>
  <datafield tag="906" ind1=" " ind2=" ">
    <subfield code="a">ko20201123</subfield>
    <subfield code="b">evbr</subfield>
  </datafield>
</record>