

<record>
  <leader>     cz  a22     n  4500</leader>
  <datafield tag="900" ind1=" " ind2=" ">
    <subfield code="a">J-NÁVRH-STT</subfield>
  </datafield>
  <controlfield tag="001">ntk20201093860</controlfield>
  <controlfield tag="003">CZ PrNK</controlfield>
  <controlfield tag="005">20201123235951.0</controlfield>
  <controlfield tag="008">201123|n|aznnnaabn           n a|a      </controlfield>
  <datafield tag="024" ind1="7" ind2=" ">
    <subfield code="a">0000000004522093</subfield>
    <subfield code="2">isni</subfield>
  </datafield>
  <datafield tag="024" ind1="7" ind2=" ">
    <subfield code="a">Q63472</subfield>
    <subfield code="2">wikidata</subfield>
  </datafield>
  <datafield tag="040" ind1=" " ind2=" ">
    <subfield code="a">ABA013</subfield>
    <subfield code="b">cze</subfield>
    <subfield code="e">rda</subfield>
  </datafield>
  <datafield tag="046" ind1=" " ind2=" ">
    <subfield code="f">1652</subfield>
    <subfield code="g">1698</subfield>
  </datafield>
  <datafield tag="100" ind1="0" ind2=" ">
    <subfield code="a">Friedrich Karl,</subfield>
    <subfield code="c">württembersko-winnentálský vévoda,</subfield>
    <subfield code="d">1652-1698</subfield>
    <subfield code="7">ntk20201093860</subfield>
  </datafield>
  <datafield tag="MOR" ind1="0" ind2=" ">
    <subfield code="a">Friedrich Karl,</subfield>
    <subfield code="c">Württemberg-Winnental, Herzog,</subfield>
    <subfield code="d">1652-1698</subfield>
    <subfield code="7">ntk20201093860</subfield>
  </datafield>
  <datafield tag="368" ind1=" " ind2=" ">
    <subfield code="d">Herzog von Württemberg-Winnental</subfield>
    <subfield code="s">1677</subfield>
  </datafield>
  <datafield tag="368" ind1=" " ind2=" ">
    <subfield code="d">Generalfeldmarschall</subfield>
    <subfield code="s">1693</subfield>
  </datafield>
  <datafield tag="370" ind1=" " ind2=" ">
    <subfield code="a">Stuttgart, Německo</subfield>
    <subfield code="b">Stuttgart, Německo</subfield>
    <subfield code="c">Německo</subfield>
  </datafield>
  <datafield tag="372" ind1=" " ind2=" ">
    <subfield code="a">politika</subfield>
    <subfield code="a">státní správa</subfield>
    <subfield code="a">vojenství</subfield>
  </datafield>
  <datafield tag="374" ind1=" " ind2=" ">
    <subfield code="a">politici</subfield>
    <subfield code="a">šlechtici</subfield>
    <subfield code="a">vévodové</subfield>
  </datafield>
  <datafield tag="375" ind1=" " ind2=" ">
    <subfield code="a">muž</subfield>
  </datafield>
  <datafield tag="377" ind1=" " ind2=" ">
    <subfield code="a">ger</subfield>
    <subfield code="a">lat</subfield>
  </datafield>
  <datafield tag="400" ind1="0" ind2=" ">
    <subfield code="a">Friedrich Karl,</subfield>
    <subfield code="c">Württemberg-Winnental, Herzog,</subfield>
    <subfield code="d">1652-1698</subfield>
    <subfield code="0">o</subfield>
  </datafield>
  <datafield tag="400" ind1="0" ind2=" ">
    <subfield code="a">Friedrich Karl,</subfield>
    <subfield code="c">württemberský vévoda,</subfield>
    <subfield code="d">1652-1698</subfield>
    <subfield code="0">o</subfield>
  </datafield>
  <datafield tag="400" ind1="0" ind2=" ">
    <subfield code="a">Friderich Carl,</subfield>
    <subfield code="c">Württemberg, Herzog,</subfield>
    <subfield code="d">1652-1698</subfield>
    <subfield code="0">o</subfield>
  </datafield>
  <datafield tag="400" ind1="0" ind2=" ">
    <subfield code="a">Fridericus Carolus,</subfield>
    <subfield code="c">Wurtembergia, Dux,</subfield>
    <subfield code="d">1652-1698</subfield>
    <subfield code="0">o</subfield>
  </datafield>
  <datafield tag="400" ind1="0" ind2=" ">
    <subfield code="a">Fridericus Carolus,</subfield>
    <subfield code="c">Wirtembergia et Teccia, Dux,</subfield>
    <subfield code="d">1652-1698</subfield>
    <subfield code="0">o</subfield>
  </datafield>
  <datafield tag="400" ind1="0" ind2=" ">
    <subfield code="a">Fridericus Carolus,</subfield>
    <subfield code="c">Wurtembergia et Teccia, Dux,</subfield>
    <subfield code="d">1652-1698</subfield>
    <subfield code="0">o</subfield>
  </datafield>
  <datafield tag="400" ind1="0" ind2=" ">
    <subfield code="a">Fridrich Carl,</subfield>
    <subfield code="c">Württemberg, Herzog,</subfield>
    <subfield code="d">1652-1698</subfield>
    <subfield code="0">o</subfield>
  </datafield>
  <datafield tag="400" ind1="0" ind2=" ">
    <subfield code="a">Friderich Carl,</subfield>
    <subfield code="c">Württemberg-Winnental, Herzog,</subfield>
    <subfield code="d">1652-1698</subfield>
    <subfield code="0">o</subfield>
  </datafield>
  <datafield tag="400" ind1="0" ind2=" ">
    <subfield code="a">Frideric Charles,</subfield>
    <subfield code="c">Virtemberg, Duc,</subfield>
    <subfield code="d">1652-1698</subfield>
    <subfield code="0">o</subfield>
  </datafield>
  <datafield tag="400" ind1="0" ind2=" ">
    <subfield code="a">Fridrich Karel,</subfield>
    <subfield code="c">württembersko-winnentálský vévoda,</subfield>
    <subfield code="d">1652-1698</subfield>
    <subfield code="0">o</subfield>
  </datafield>
  <datafield tag="670" ind1=" " ind2=" ">
    <subfield code="a">Sturm, Johann Christoph: COLLEGII EXPERIMENTALIS Sive CURIOSI PARS SECUNDA :In qua porro Præsentis ævi Experimenta &amp; Inventa Physico-Mathematica compluria ... (Dedikace: "Serenissimo principi ac Domino Domino Friderico Carolo Duci Wütenbergii et Tecciæ ... "), 1685</subfield>
  </datafield>
  <datafield tag="670" ind1=" " ind2=" ">
    <subfield code="a">DNB, cit. 23. 11. 2020</subfield>
    <subfield code="b">autoritní forma, odkazy viz</subfield>
    <subfield code="u">http://d-nb.info/gnd/1080678158</subfield>
  </datafield>
  <datafield tag="670" ind1=" " ind2=" ">
    <subfield code="a">www(Wikipedia, die freie Enzyklopädie), cit. 23. 11. 2020</subfield>
    <subfield code="b">datum a místo narození a úmrtí, biografické a profesní údaje</subfield>
    <subfield code="u">https://de.wikipedia.org/wiki/Friedrich_Karl_(W%C3%BCrttemberg-Winnental)</subfield>
  </datafield>
  <datafield tag="670" ind1=" " ind2=" ">
    <subfield code="a">www(Wikipedie, otevřená encyklopedie - Württemberkové), cit. 23. 11. 2020</subfield>
    <subfield code="b">odkaz viz</subfield>
    <subfield code="u">https://cs.wikipedia.org/wiki/W%C3%BCrttemberkov%C3%A9</subfield>
  </datafield>
  <datafield tag="678" ind1="0" ind2=" ">
    <subfield code="a">Německý šlechtic, od r. 1677 vévoda nově založené linie württembersko-winnentálské. 27. 11. 1677 obdržel od císaře Leopolda I. (1640-1705) pověření vychovatele svého synovce Eberharda-Ludvíka a převzetí regentství vévodství Würtemberg (tento úřad zanikl 22. 1. 1693). Jako kompenzaci mu císař udělil půdu a jmenoval ho císařským maršálem. V roce 1694 bojoval s markrabětem bádenským Ludvíkem Vilémem I. (1655-1707) proti turecké invazi na břehu Rýna (získal za to kříž vyššího řádu císařských vojsk).</subfield>
  </datafield>
  <datafield tag="906" ind1=" " ind2=" ">
    <subfield code="a">za20201123</subfield>
    <subfield code="b">jime</subfield>
  </datafield>
  <datafield tag="906" ind1=" " ind2=" ">
    <subfield code="a">oz20201123</subfield>
    <subfield code="b">evbr</subfield>
    <subfield code="c">Záhlaví - oprava</subfield>
  </datafield>
</record>