

<record>
  <leader>     nz  a22     n  4500</leader>
  <controlfield tag="001">xx0254338</controlfield>
  <controlfield tag="003">CZ PrNK</controlfield>
  <controlfield tag="005">20201124055538.0</controlfield>
  <controlfield tag="008">201123|n|aznnnaabn           n a|a      </controlfield>
  <datafield tag="040" ind1=" " ind2=" ">
    <subfield code="a">ABA008</subfield>
    <subfield code="b">cze</subfield>
    <subfield code="d">ABA001</subfield>
    <subfield code="e">rda</subfield>
  </datafield>
  <datafield tag="100" ind1="1" ind2=" ">
    <subfield code="a">Vágnerová, Barbora</subfield>
    <subfield code="7">xx0254338</subfield>
  </datafield>
  <datafield tag="368" ind1=" " ind2=" ">
    <subfield code="d">MDDr.</subfield>
    <subfield code="s">2010</subfield>
  </datafield>
  <datafield tag="370" ind1=" " ind2=" ">
    <subfield code="c">Česko</subfield>
  </datafield>
  <datafield tag="372" ind1=" " ind2=" ">
    <subfield code="a">stomatologie</subfield>
    <subfield code="a">zubní protetika</subfield>
    <subfield code="a">parodontologie</subfield>
  </datafield>
  <datafield tag="374" ind1=" " ind2=" ">
    <subfield code="a">stomatoložky</subfield>
  </datafield>
  <datafield tag="375" ind1=" " ind2=" ">
    <subfield code="a">žena</subfield>
  </datafield>
  <datafield tag="377" ind1=" " ind2=" ">
    <subfield code="a">cze</subfield>
  </datafield>
  <datafield tag="670" ind1=" " ind2=" ">
    <subfield code="a">Vágnerová, Barbora: Biomechanika léčby: Léčba ageneze laterálního řezáku mezializací špičáků a estetickými dostavbami. Ortho, 2018, roč. 2, č. 2, s. 19-24.</subfield>
    <subfield code="b">autoritní forma, titul MDDr., profese, pracoviště</subfield>
  </datafield>
  <datafield tag="670" ind1=" " ind2=" ">
    <subfield code="a">www(JPS Váš dodavatel a partner pro stomatologii), cit. 23. 11. 2020</subfield>
    <subfield code="b">rok získání MDDr., specializace</subfield>
  </datafield>
  <datafield tag="678" ind1="0" ind2=" ">
    <subfield code="a">MDDr., stomatoložka, zaměřena na zubní protetiku a parodontologii (Protetické oddělení, Klinika zubního lékařství, Univerzita Palackého a Fakultní nemocnice, Olomouc; Privátní praxe, Olomouc).</subfield>
  </datafield>
  <datafield tag="906" ind1=" " ind2=" ">
    <subfield code="a">za20201123</subfield>
    <subfield code="b">xdapi</subfield>
  </datafield>
  <datafield tag="906" ind1=" " ind2=" ">
    <subfield code="a">fr20201124</subfield>
    <subfield code="b">lisi</subfield>
  </datafield>
</record>