

<record>
  <leader>     nz  a22     n  4500</leader>
  <datafield tag="900" ind1=" " ind2=" ">
    <subfield code="a">*J-NÁVRH</subfield>
  </datafield>
  <controlfield tag="001">mzk20201093888</controlfield>
  <controlfield tag="003">CZ PrNK</controlfield>
  <controlfield tag="005">20201123141515.0</controlfield>
  <controlfield tag="008">201123|n|aznnnaabn           n a|a      </controlfield>
  <datafield tag="024" ind1="7" ind2=" ">
    <subfield code="a">0000000108936434</subfield>
    <subfield code="2">isni</subfield>
  </datafield>
  <datafield tag="024" ind1="7" ind2=" ">
    <subfield code="a">0000-0001-5754-1906</subfield>
    <subfield code="2">orcid</subfield>
  </datafield>
  <datafield tag="040" ind1=" " ind2=" ">
    <subfield code="a">BOA001</subfield>
    <subfield code="b">cze</subfield>
    <subfield code="e">rda</subfield>
  </datafield>
  <datafield tag="046" ind1=" " ind2=" ">
    <subfield code="f">1972</subfield>
  </datafield>
  <datafield tag="100" ind1="1" ind2=" ">
    <subfield code="a">Branach-Kallas, Anna,</subfield>
    <subfield code="d">1972-</subfield>
    <subfield code="7">mzk20201093888</subfield>
  </datafield>
  <datafield tag="370" ind1=" " ind2=" ">
    <subfield code="c">Polsko</subfield>
    <subfield code="f">Toruň, Polsko</subfield>
  </datafield>
  <datafield tag="372" ind1=" " ind2=" ">
    <subfield code="a">literární historie</subfield>
    <subfield code="a">anglicky psaná literatura</subfield>
    <subfield code="a">postkoloniální literatury</subfield>
    <subfield code="a">postkolonialismus</subfield>
    <subfield code="a">literatura a válka</subfield>
    <subfield code="a">první světová válka (1914-1918)</subfield>
    <subfield code="a">literární komparatistika</subfield>
  </datafield>
  <datafield tag="373" ind1=" " ind2=" ">
    <subfield code="a">Uniwersytet Mikołaja Kopernika w Toruniu</subfield>
  </datafield>
  <datafield tag="374" ind1=" " ind2=" ">
    <subfield code="a">anglistky</subfield>
    <subfield code="a">filoložky</subfield>
    <subfield code="a">literární vědkyně</subfield>
  </datafield>
  <datafield tag="375" ind1=" " ind2=" ">
    <subfield code="a">žena</subfield>
  </datafield>
  <datafield tag="377" ind1=" " ind2=" ">
    <subfield code="a">eng</subfield>
    <subfield code="a">pol</subfield>
  </datafield>
  <datafield tag="670" ind1=" " ind2=" ">
    <subfield code="a">Branach-Kallas, Anna: Vimy, Gallipoli, trauma, and the poetics of grief. In: Brno studies in English. Vol. 46, 2020, No. 1, s. 91-108</subfield>
  </datafield>
  <datafield tag="670" ind1=" " ind2=" ">
    <subfield code="a">NUKAT, cit. 23. 11. 2020</subfield>
    <subfield code="b">autoritní forma; biografické údaje; datum narození</subfield>
  </datafield>
  <datafield tag="670" ind1=" " ind2=" ">
    <subfield code="a">www(ORCID - Anna Branach-Kallas), cit. 23. 11. 2020</subfield>
    <subfield code="b">profesní specializace</subfield>
    <subfield code="u">https://orcid.org/0000-0001-5754-1906</subfield>
  </datafield>
  <datafield tag="670" ind1=" " ind2=" ">
    <subfield code="a">www(Uniwersytet Mikołaja Kopernika w Toruniu - Dr hab. Anna Branach-Kallas, prof. UMK laureatką grantu w konkursie NCN), cit. 23. 11. 2020</subfield>
    <subfield code="b">profesní specializace</subfield>
    <subfield code="u">https://www.human.umk.pl/wiadomosci/?id=16133</subfield>
  </datafield>
  <datafield tag="678" ind1="0" ind2=" ">
    <subfield code="a">Polská literární vědkyně, anglistka, zaměřená na literaturu, zobrazující válečná traumata.</subfield>
  </datafield>
  <datafield tag="906" ind1=" " ind2=" ">
    <subfield code="a">za20201123</subfield>
    <subfield code="b">kmonev</subfield>
  </datafield>
</record>