

<record>
  <leader>     nz  a22     n  4500</leader>
  <datafield tag="900" ind1=" " ind2=" ">
    <subfield code="a">J-NÁVRH-STT</subfield>
  </datafield>
  <controlfield tag="001">ntk20201093891</controlfield>
  <controlfield tag="003">CZ PrNK</controlfield>
  <controlfield tag="005">20201125234137.0</controlfield>
  <controlfield tag="008">201123|n|aznnnaabn           n a|a      </controlfield>
  <datafield tag="024" ind1="7" ind2=" ">
    <subfield code="a">0000000027960432</subfield>
    <subfield code="2">isni</subfield>
  </datafield>
  <datafield tag="024" ind1="7" ind2=" ">
    <subfield code="a">Q1592210</subfield>
    <subfield code="2">wikidata</subfield>
  </datafield>
  <datafield tag="040" ind1=" " ind2=" ">
    <subfield code="a">ABA013</subfield>
    <subfield code="b">cze</subfield>
    <subfield code="e">rda</subfield>
  </datafield>
  <datafield tag="046" ind1=" " ind2=" ">
    <subfield code="f">1646</subfield>
    <subfield code="g">1717</subfield>
  </datafield>
  <datafield tag="100" ind1="1" ind2=" ">
    <subfield code="a">Ahelfeldt, Joachim von,</subfield>
    <subfield code="d">1646-1717</subfield>
    <subfield code="7">ntk20201093891</subfield>
  </datafield>
  <datafield tag="368" ind1=" " ind2=" ">
    <subfield code="d">OSB</subfield>
    <subfield code="s">1677</subfield>
    <subfield code="t">1682</subfield>
  </datafield>
  <datafield tag="370" ind1=" " ind2=" ">
    <subfield code="a">Gut Buckhagen, Rabel, Německo</subfield>
    <subfield code="b">Gut Buckhagen, Rabel, Německo</subfield>
    <subfield code="c">Německo</subfield>
    <subfield code="c">Dánsko</subfield>
    <subfield code="f">Hamburk, Německo</subfield>
    <subfield code="f">Holštýnsko</subfield>
    <subfield code="f">Šlesvicko</subfield>
    <subfield code="f">Šlesvicko-Holštýnsko, Německo</subfield>
    <subfield code="f">Rabel, Německo</subfield>
  </datafield>
  <datafield tag="372" ind1=" " ind2=" ">
    <subfield code="a">politika</subfield>
    <subfield code="a">státní správa</subfield>
    <subfield code="a">proboštství</subfield>
  </datafield>
  <datafield tag="373" ind1=" " ind2=" ">
    <subfield code="a">Benediktini</subfield>
    <subfield code="s">1677</subfield>
    <subfield code="t">1682</subfield>
  </datafield>
  <datafield tag="373" ind1=" " ind2=" ">
    <subfield code="a">Kloster Preetz</subfield>
    <subfield code="s">1677</subfield>
    <subfield code="t">1682</subfield>
    <subfield code="2">LC (Names)</subfield>
  </datafield>
  <datafield tag="374" ind1=" " ind2=" ">
    <subfield code="a">šlechtici</subfield>
    <subfield code="a">politici</subfield>
    <subfield code="a">státníci</subfield>
    <subfield code="a">probošti</subfield>
  </datafield>
  <datafield tag="375" ind1=" " ind2=" ">
    <subfield code="a">muž</subfield>
  </datafield>
  <datafield tag="377" ind1=" " ind2=" ">
    <subfield code="a">lat</subfield>
    <subfield code="a">ger</subfield>
  </datafield>
  <datafield tag="400" ind1="1" ind2=" ">
    <subfield code="a">Ahlfeldt, Joachim von,</subfield>
    <subfield code="d">1646-1717</subfield>
    <subfield code="0">o</subfield>
  </datafield>
  <datafield tag="400" ind1="1" ind2=" ">
    <subfield code="a">Ahlefeld, Joachim von,</subfield>
    <subfield code="d">1646-1717</subfield>
    <subfield code="0">o</subfield>
  </datafield>
  <datafield tag="400" ind1="1" ind2=" ">
    <subfield code="a">Alefeld, Joachim von,</subfield>
    <subfield code="d">1646-1717</subfield>
    <subfield code="0">o</subfield>
  </datafield>
  <datafield tag="400" ind1="1" ind2=" ">
    <subfield code="a">Alefeld, Joachimus ab,</subfield>
    <subfield code="d">1646-1717</subfield>
    <subfield code="0">o</subfield>
  </datafield>
  <datafield tag="400" ind1="1" ind2=" ">
    <subfield code="a">Ahlefeld, Joachimus ab,</subfield>
    <subfield code="d">1646-1717</subfield>
    <subfield code="0">o</subfield>
  </datafield>
  <datafield tag="400" ind1="1" ind2=" ">
    <subfield code="a">Ahlefeldt, Joachim,</subfield>
    <subfield code="d">1646-1717</subfield>
    <subfield code="0">o</subfield>
  </datafield>
  <datafield tag="667" ind1=" " ind2=" ">
    <subfield code="a">http://d-nb.info/gnd/13054485X.</subfield>
  </datafield>
  <datafield tag="670" ind1=" " ind2=" ">
    <subfield code="a">SAMUELIS REYHERI BACILLI SEXAGENALES, i.e. Descriptio Logisticæ Sexagenariæ per Bacillos exercendæ, cui præmittuntur Utilia quædam problemata, ... KILIÆ: Typis Joachimi Reumanni Acad. Typogr., 1688. [Dedikace]: DOMINO DN. JACHYMO AB ALEFELD, DYNASTAE. IN. BOKHAGEN ET OLPENNIS, ...</subfield>
    <subfield code="b">odkaz viz</subfield>
    <subfield code="u">http://diglib.hab.de/drucke/xb-7780/start.htm</subfield>
  </datafield>
  <datafield tag="670" ind1=" " ind2=" ">
    <subfield code="a">DNB, cit. 23. 11. 2020</subfield>
    <subfield code="b">autoritní forma, odkazy viz, datum narození a úmrtí, biografické a profesní údaje</subfield>
    <subfield code="u">http://d-nb.info/gnd/13054485X</subfield>
  </datafield>
  <datafield tag="670" ind1=" " ind2=" ">
    <subfield code="a">a www(Wikipedia, the Free Encyclopedie), cit. 23. 11. 2020</subfield>
    <subfield code="b">biografické a profesní údaje, národnost</subfield>
    <subfield code="u">https://de.wikipedia.org/wiki/Joachim_von_Ahlefeldt_(1646%E2%80%931717)</subfield>
  </datafield>
  <datafield tag="678" ind1="0" ind2=" ">
    <subfield code="a">Německý šlechtic z Holštýnska, politik a státní úředník. Působil nejdříve ve službách Holštýnského vévodství, od r. 1671 byl komorníkem dánské královny Šarloty Amálie Hesensko-Kasselské (1650-1714). V letech 1677-1682 byl proboštem Kláštera Preetz. V roce 1703 se stal prvním dánským finančním komisařem a členem tajné rady. V letech 1708-1711 zastupoval dánské zájmy v Hamburku.</subfield>
  </datafield>
  <datafield tag="856" ind1="4" ind2="2">
    <subfield code="u">https://de.wikipedia.org/wiki/Joachim_von_Ahlefeldt_(1646%E2%80%931717)</subfield>
    <subfield code="4">N</subfield>
  </datafield>
  <datafield tag="906" ind1=" " ind2=" ">
    <subfield code="a">za20201123</subfield>
    <subfield code="b">evbr</subfield>
  </datafield>
  <datafield tag="906" ind1=" " ind2=" ">
    <subfield code="a">ko20201125</subfield>
    <subfield code="b">evbr</subfield>
  </datafield>
</record>