

<record>
  <leader>     nz  a22     n  4500</leader>
  <datafield tag="900" ind1=" " ind2=" ">
    <subfield code="a">*J-NÁVRH</subfield>
  </datafield>
  <controlfield tag="001">hka20201093892</controlfield>
  <controlfield tag="003">CZ PrNK</controlfield>
  <controlfield tag="005">20201123135719.0</controlfield>
  <controlfield tag="008">201123|n|aznnnaabn           n a|a      </controlfield>
  <datafield tag="040" ind1=" " ind2=" ">
    <subfield code="a">HKA001</subfield>
    <subfield code="b">cze</subfield>
    <subfield code="e">rda</subfield>
  </datafield>
  <datafield tag="046" ind1=" " ind2=" ">
    <subfield code="f">1976</subfield>
  </datafield>
  <datafield tag="100" ind1="1" ind2=" ">
    <subfield code="a">Matoušek, Ludvík,</subfield>
    <subfield code="d">1976-</subfield>
    <subfield code="7">hka20201093892</subfield>
  </datafield>
  <datafield tag="368" ind1=" " ind2=" ">
    <subfield code="d">Mgr.</subfield>
  </datafield>
  <datafield tag="370" ind1=" " ind2=" ">
    <subfield code="c">Česko</subfield>
  </datafield>
  <datafield tag="372" ind1=" " ind2=" ">
    <subfield code="a">právo</subfield>
    <subfield code="a">advokacie</subfield>
    <subfield code="a">občanské právo</subfield>
    <subfield code="a">obchodní právo</subfield>
    <subfield code="a">správní právo</subfield>
    <subfield code="a">ústavní právo</subfield>
  </datafield>
  <datafield tag="374" ind1=" " ind2=" ">
    <subfield code="a">právníci</subfield>
    <subfield code="a">advokáti</subfield>
  </datafield>
  <datafield tag="375" ind1=" " ind2=" ">
    <subfield code="a">muž</subfield>
  </datafield>
  <datafield tag="377" ind1=" " ind2=" ">
    <subfield code="a">cze</subfield>
  </datafield>
  <datafield tag="670" ind1=" " ind2=" ">
    <subfield code="a">Selucká, Markéta-Losenický, Martin-Matoušek, Ludvík-Mlýnková, Jana: Zákon o realitním zprostředkovatelství: komentář, 2020</subfield>
    <subfield code="b">autoritní forma</subfield>
  </datafield>
  <datafield tag="670" ind1=" " ind2=" ">
    <subfield code="a">www(Advokátní kancelář Ludvíka Matouška), cit. 23. 11. 2020</subfield>
    <subfield code="b">biografické údaje</subfield>
  </datafield>
  <datafield tag="670" ind1=" " ind2=" ">
    <subfield code="a">www(Univerzita Karlova, knihovna), cit. 23. 11. 2020</subfield>
    <subfield code="b">autoritní forma</subfield>
  </datafield>
  <datafield tag="670" ind1=" " ind2=" ">
    <subfield code="a">www(Živnostenský rejstřík), cit. 23. 11. 2020</subfield>
    <subfield code="b">datum narození</subfield>
  </datafield>
  <datafield tag="678" ind1="0" ind2=" ">
    <subfield code="a">Narozen 21. 6. 1976. Právník, advokát, specialista na občanské, obchodní, správní a ústavní právo.</subfield>
  </datafield>
  <datafield tag="906" ind1=" " ind2=" ">
    <subfield code="a">za20201123</subfield>
    <subfield code="b">jasc</subfield>
  </datafield>
</record>