

<record>
  <leader>     nz  a22     n  4500</leader>
  <datafield tag="900" ind1=" " ind2=" ">
    <subfield code="a">J-NÁVRH-STT</subfield>
  </datafield>
  <controlfield tag="001">ntk20201093898</controlfield>
  <controlfield tag="003">CZ PrNK</controlfield>
  <controlfield tag="005">20201123142106.0</controlfield>
  <controlfield tag="008">201123|n|aznnnaabn           n a|a      </controlfield>
  <datafield tag="040" ind1=" " ind2=" ">
    <subfield code="a">ABA013</subfield>
    <subfield code="b">cze</subfield>
    <subfield code="e">rda</subfield>
  </datafield>
  <datafield tag="046" ind1=" " ind2=" ">
    <subfield code="f">1594</subfield>
    <subfield code="g">1667</subfield>
  </datafield>
  <datafield tag="100" ind1="1" ind2=" ">
    <subfield code="a">Qualen, Heinrich von,</subfield>
    <subfield code="d">1594-1667</subfield>
    <subfield code="7">ntk20201093898</subfield>
  </datafield>
  <datafield tag="370" ind1=" " ind2=" ">
    <subfield code="c">Německo</subfield>
    <subfield code="f">Kiel, Německo</subfield>
    <subfield code="f">Holštýnsko</subfield>
  </datafield>
  <datafield tag="372" ind1=" " ind2=" ">
    <subfield code="a">matematika</subfield>
    <subfield code="a">univerzity</subfield>
    <subfield code="a">vědecké přístroje</subfield>
    <subfield code="a">podpora vědy a výzkumu</subfield>
    <subfield code="a">mecenášství</subfield>
  </datafield>
  <datafield tag="373" ind1=" " ind2=" ">
    <subfield code="a">Universität Kiel</subfield>
  </datafield>
  <datafield tag="374" ind1=" " ind2=" ">
    <subfield code="a">šlechtici</subfield>
    <subfield code="a">mecenáši</subfield>
  </datafield>
  <datafield tag="375" ind1=" " ind2=" ">
    <subfield code="a">muž</subfield>
  </datafield>
  <datafield tag="377" ind1=" " ind2=" ">
    <subfield code="a">lat</subfield>
  </datafield>
  <datafield tag="400" ind1="1" ind2=" ">
    <subfield code="a">Qualen, Henricus a,</subfield>
    <subfield code="d">1594-1667</subfield>
    <subfield code="0">o</subfield>
  </datafield>
  <datafield tag="400" ind1="1" ind2=" ">
    <subfield code="a">Qvalen, Henricus a,</subfield>
    <subfield code="d">1594-1667</subfield>
    <subfield code="0">o</subfield>
  </datafield>
  <datafield tag="667" ind1=" " ind2=" ">
    <subfield code="a">http://d-nb.info/gnd/1053248326.</subfield>
  </datafield>
  <datafield tag="667" ind1=" " ind2=" ">
    <subfield code="a">Nezaměnit s: "Qualen, Heinrich von, činný 1681" (http://viaf.org/viaf/44738402), který je spojován s obhajobou disertace v r. 1681 na Rostocké univerzitě (jde pravděpodobně o prasynovce).</subfield>
  </datafield>
  <datafield tag="670" ind1=" " ind2=" ">
    <subfield code="a">SAMUELIS REYHERI BACILLI SEXAGENALES, i.e. Descriptio Logisticæ Sexagenariæ per Bacillos exercendæ, cui præmittuntur Utilia quædam problemata, ... KILIÆ: Typis Joachimi Reumanni Acad. Typogr., 1688. [Dedikant]: ... Domino HENRICO. A. QVALEN, ...</subfield>
    <subfield code="b">datum narození a úmrtí, rodokmen na s. 10, biografické a profesní údaje na s. 11, odkaz viz</subfield>
    <subfield code="u">http://diglib.hab.de/wdb.php?dir=drucke/xb-7780&amp;pointer=18</subfield>
  </datafield>
  <datafield tag="670" ind1=" " ind2=" ">
    <subfield code="a">NORDALBINGISCHE STUDIEN: Neues Archiv der Schleswig - Holstein -Lauenburgischen Gesellschaft für vaterländische Geschichte. Dritter Band. Kiel, 1846</subfield>
    <subfield code="b">biografické a profesní údaje na s. 123-124</subfield>
    <subfield code="u">https://books.google.cz/books?id=GjRDAQAAMAAJ</subfield>
  </datafield>
  <datafield tag="670" ind1=" " ind2=" ">
    <subfield code="a">a DNB, cit. 23. 11. 2020</subfield>
    <subfield code="b">autoritní forma, odkaz viz, datum činnosti</subfield>
    <subfield code="u">http://d-nb.info/gnd/1053248326</subfield>
  </datafield>
  <datafield tag="678" ind1="0" ind2=" ">
    <subfield code="a">Německý šlechtic, příslušník rodiny „von Quelen“ z Holštýnska. Byl učencem a podporovatelem vědy a vzdělanosti, zajímal se zejména o matematiku. Kielské univerzitě, jejíž založení v r. 1665 podpořil, odkázal vědecké nástroje. Jeho jméno bývá v publikacích 17. století uváděno také v roli dedikanta a mecenáše.</subfield>
  </datafield>
  <datafield tag="906" ind1=" " ind2=" ">
    <subfield code="a">za20201123</subfield>
    <subfield code="b">evbr</subfield>
  </datafield>
  <datafield tag="906" ind1=" " ind2=" ">
    <subfield code="a">ko20201123</subfield>
    <subfield code="b">evbr</subfield>
  </datafield>
</record>