

<record>
  <leader>     nz  a22     n  4500</leader>
  <datafield tag="900" ind1=" " ind2=" ">
    <subfield code="a">N-NÁVRH-VP</subfield>
  </datafield>
  <controlfield tag="001">unn20201093900</controlfield>
  <controlfield tag="003">CZ PrNK</controlfield>
  <controlfield tag="005">20201123142705.0</controlfield>
  <controlfield tag="008">201123|n|acnnnaabn           n a|a      </controlfield>
  <datafield tag="040" ind1=" " ind2=" ">
    <subfield code="a">ABA001</subfield>
    <subfield code="b">cze</subfield>
  </datafield>
  <datafield tag="130" ind1=" " ind2="0">
    <subfield code="a">Goldene Tafel aus Lüneburg</subfield>
    <subfield code="7">unn20201093900</subfield>
  </datafield>
  <datafield tag="430" ind1=" " ind2="0">
    <subfield code="a">Lüneburger Goldene Tafel</subfield>
    <subfield code="0">o</subfield>
  </datafield>
  <datafield tag="430" ind1=" " ind2="0">
    <subfield code="a">Goldene Tafel (Landesmuseum Hannover)</subfield>
    <subfield code="0">o</subfield>
  </datafield>
  <datafield tag="670" ind1=" " ind2=" ">
    <subfield code="a">Köllermann, Antje-Fee, ed. a Unsinn, Christine, ed. Zeitenwende 1400: die Goldene Tafel als europäisches Meisterwerk. Petersberg: Michael Imhof, [2019], ©2019.</subfield>
  </datafield>
  <datafield tag="678" ind1=" " ind2=" ">
    <subfield code="a">Fragmentárně dochovaný gotický retábl z počátku 15. století pocházející z kostela sv. Michala v Lüneburgu. Nachází se v Dolnosaském zemském muzeu v Hannoveru (Niedersächsisches Landesmuseum Hannover).</subfield>
  </datafield>
  <datafield tag="906" ind1=" " ind2=" ">
    <subfield code="a">za20201123</subfield>
    <subfield code="b">evko</subfield>
  </datafield>
</record>