

<record>
  <leader>     nz  a22     n  4500</leader>
  <datafield tag="900" ind1=" " ind2=" ">
    <subfield code="a">J-NÁVRH</subfield>
  </datafield>
  <controlfield tag="001">xx0254358</controlfield>
  <controlfield tag="003">CZ PrNK</controlfield>
  <controlfield tag="005">20201123163024.5</controlfield>
  <controlfield tag="008">201123|n|aznnnaabn           n a|a      </controlfield>
  <datafield tag="040" ind1=" " ind2=" ">
    <subfield code="a">ABG001</subfield>
    <subfield code="b">cze</subfield>
    <subfield code="e">rda</subfield>
  </datafield>
  <datafield tag="100" ind1="1" ind2=" ">
    <subfield code="a">Ceccarelli, Simona,</subfield>
    <subfield code="q">(Simona M.)</subfield>
    <subfield code="d">1971-</subfield>
    <subfield code="7">xx0254358</subfield>
  </datafield>
  <datafield tag="370" ind1=" " ind2=" ">
    <subfield code="c">Itálie</subfield>
    <subfield code="c">Švýcarsko</subfield>
    <subfield code="f">Basilej, Švýcarsko</subfield>
  </datafield>
  <datafield tag="372" ind1=" " ind2=" ">
    <subfield code="a">ilustrace</subfield>
    <subfield code="a">věda</subfield>
    <subfield code="a">lékařský výzkum</subfield>
  </datafield>
  <datafield tag="374" ind1=" " ind2=" ">
    <subfield code="a">ilustrátorky</subfield>
    <subfield code="a">vědkyně</subfield>
  </datafield>
  <datafield tag="375" ind1=" " ind2=" ">
    <subfield code="a">žena</subfield>
  </datafield>
  <datafield tag="670" ind1=" " ind2=" ">
    <subfield code="a">Bohlmannová, Sabine: Dívka jménem Willow (Illustrated by Simona Ceccarelli), 2020</subfield>
    <subfield code="b">biografické údaje</subfield>
  </datafield>
  <datafield tag="670" ind1=" " ind2=" ">
    <subfield code="a">ICCU, cit. 23. 11. 2020</subfield>
    <subfield code="b">autoritní forma, datum narození</subfield>
  </datafield>
  <datafield tag="670" ind1=" " ind2=" ">
    <subfield code="a">LC (Names), cit. 23. 11. 2020</subfield>
    <subfield code="b">biografické údaje</subfield>
  </datafield>
  <datafield tag="670" ind1=" " ind2=" ">
    <subfield code="a">www(osobní stránka), cit. 23. 11. 2020</subfield>
    <subfield code="b">biografické údaje</subfield>
    <subfield code="u">http://www.smceccarelli.com/</subfield>
  </datafield>
  <datafield tag="678" ind1="0" ind2=" ">
    <subfield code="a">Italská ilustrátorka knih pro děti, dříve pracovala jako vědecká pracovnice v lékařském výzkumu.</subfield>
  </datafield>
  <datafield tag="906" ind1=" " ind2=" ">
    <subfield code="a">za20201123</subfield>
    <subfield code="b">xjiva</subfield>
  </datafield>
</record>