

<record>
  <leader>     nz  a22     n  4500</leader>
  <controlfield tag="001">mub20201093936</controlfield>
  <controlfield tag="003">CZ PrNK</controlfield>
  <controlfield tag="005">20201127095952.0</controlfield>
  <controlfield tag="008">201123|n|aznnnaabn           n a|a      </controlfield>
  <datafield tag="040" ind1=" " ind2=" ">
    <subfield code="a">BOD003</subfield>
    <subfield code="b">cze</subfield>
    <subfield code="d">ABA001</subfield>
    <subfield code="e">rda</subfield>
  </datafield>
  <datafield tag="046" ind1=" " ind2=" ">
    <subfield code="f">1886</subfield>
    <subfield code="g">1954</subfield>
  </datafield>
  <datafield tag="100" ind1="1" ind2=" ">
    <subfield code="a">Sorokin, Leonid Vasil‘jevič,</subfield>
    <subfield code="d">1886-1954</subfield>
    <subfield code="7">mub20201093936</subfield>
  </datafield>
  <datafield tag="370" ind1=" " ind2=" ">
    <subfield code="c">Rusko</subfield>
    <subfield code="f">Sovětský svaz</subfield>
  </datafield>
  <datafield tag="372" ind1=" " ind2=" ">
    <subfield code="a">fyzika</subfield>
    <subfield code="a">astronomie</subfield>
    <subfield code="a">geofyzika</subfield>
    <subfield code="a">geofyzikální průzkum</subfield>
    <subfield code="a">gravimetrie</subfield>
  </datafield>
  <datafield tag="374" ind1=" " ind2=" ">
    <subfield code="a">fyzici</subfield>
    <subfield code="a">geofyzici</subfield>
    <subfield code="a">vysokoškolští učitelé</subfield>
  </datafield>
  <datafield tag="375" ind1=" " ind2=" ">
    <subfield code="a">muž</subfield>
  </datafield>
  <datafield tag="377" ind1=" " ind2=" ">
    <subfield code="a">rus</subfield>
  </datafield>
  <datafield tag="400" ind1="1" ind2=" ">
    <subfield code="a">Sorokin, L. V.,</subfield>
    <subfield code="d">1886-1954</subfield>
    <subfield code="0">o</subfield>
  </datafield>
  <datafield tag="670" ind1=" " ind2=" ">
    <subfield code="a">Sorokin, L. V.: Gravimetrija i gravimetričeskaja razvedka : dopuščeno Glavnym upravlenijem vysšego obrazovanija Ministerstva Kul‘tury SSSR v kačestve učebnika dlja geofizičeskich special‘nostej geologo-razvedočnych vuzov i fakul‘tetov i gravimetričeskich special‘nostej universitetov, 1953</subfield>
    <subfield code="b">odkaz viz</subfield>
  </datafield>
  <datafield tag="670" ind1=" " ind2=" ">
    <subfield code="a">RSL, cit. 23. 11. 2020</subfield>
    <subfield code="b">autoritní forma</subfield>
  </datafield>
  <datafield tag="670" ind1=" " ind2=" ">
    <subfield code="a">NLR, cit. 23. 11. 2020</subfield>
    <subfield code="b">datum narození a úmrtí, publikační zaměření</subfield>
  </datafield>
  <datafield tag="670" ind1=" " ind2=" ">
    <subfield code="a">www(Vikipedija, svobodnaja ènciklopedija), cit. 23. 11. 2020</subfield>
    <subfield code="b">biografické údaje</subfield>
    <subfield code="u">https://ru.wikipedia.org/wiki/Сорокин,_Леонид_Васильевич</subfield>
  </datafield>
  <datafield tag="678" ind1="0" ind2=" ">
    <subfield code="a">Ruský a sovětský fyzik, geofyzik a vysokoškolský pedagog geofyziky a gravimetrie, průkopník ruské námořní gravimetrie a tvůrce originálních přístrojů pro gravimetrické průzkumy a průzkum ropných polí.</subfield>
  </datafield>
  <datafield tag="906" ind1=" " ind2=" ">
    <subfield code="a">za20201123</subfield>
    <subfield code="b">krekovax</subfield>
  </datafield>
  <datafield tag="906" ind1=" " ind2=" ">
    <subfield code="a">ko20201125</subfield>
    <subfield code="b">pospel</subfield>
  </datafield>
  <datafield tag="906" ind1=" " ind2=" ">
    <subfield code="a">vr20201127</subfield>
    <subfield code="b">maku</subfield>
  </datafield>
</record>