

<record>
  <leader>     nz  a22     n  4500</leader>
  <controlfield tag="001">mub20201093946</controlfield>
  <controlfield tag="003">CZ PrNK</controlfield>
  <controlfield tag="005">20201126110316.0</controlfield>
  <controlfield tag="008">201123|n|aznnnaabn           n a|a      </controlfield>
  <datafield tag="040" ind1=" " ind2=" ">
    <subfield code="a">BOD114</subfield>
    <subfield code="b">cze</subfield>
    <subfield code="d">ABA001</subfield>
    <subfield code="e">rda</subfield>
  </datafield>
  <datafield tag="100" ind1="1" ind2=" ">
    <subfield code="a">Szmyt, Władysław</subfield>
    <subfield code="7">mub20201093946</subfield>
  </datafield>
  <datafield tag="370" ind1=" " ind2=" ">
    <subfield code="c">Polsko</subfield>
  </datafield>
  <datafield tag="372" ind1=" " ind2=" ">
    <subfield code="a">ekonomie</subfield>
    <subfield code="a">hospodářské vztahy</subfield>
    <subfield code="a">mezinárodní hospodářské vztahy</subfield>
    <subfield code="a">mezinárodní obchod</subfield>
  </datafield>
  <datafield tag="374" ind1=" " ind2=" ">
    <subfield code="a">ekonomové</subfield>
    <subfield code="a">vysokoškolští učitelé</subfield>
  </datafield>
  <datafield tag="375" ind1=" " ind2=" ">
    <subfield code="a">muž</subfield>
  </datafield>
  <datafield tag="377" ind1=" " ind2=" ">
    <subfield code="a">pol</subfield>
  </datafield>
  <datafield tag="670" ind1=" " ind2=" ">
    <subfield code="a">Europejskie bezzwrotne źródła finansowania polityki regionalnej w Polsce : aspekty prawno-finansowe (pod redakcją Wiesławy Miemiec ; autorzy: Maria Jastrzębska, Grzegorz Karwatowicz, Jarosław Kundera, Maciej Lis, Wiesława Miemiec, Monika Mucha, Jarosław Odachowski, Krzysztof Sobieralski, Władysław Szmyt, Dariusz Zając), 2012</subfield>
  </datafield>
  <datafield tag="670" ind1=" " ind2=" ">
    <subfield code="a">NUKAT, cit. 23. 11. 2020</subfield>
    <subfield code="b">autoritní forma, profesní údaje</subfield>
  </datafield>
  <datafield tag="670" ind1=" " ind2=" ">
    <subfield code="a">BNPL, cit. 23. 11. 2020</subfield>
    <subfield code="b">publikační zaměření, dkaz viz</subfield>
  </datafield>
  <datafield tag="670" ind1=" " ind2=" ">
    <subfield code="a">www(Uniwersytet Wrocławski, Wydział Prawa, Administracji i Ekonomii), cit. 23. 11. 2020</subfield>
    <subfield code="b">biografické údaje</subfield>
  </datafield>
  <datafield tag="678" ind1="0" ind2=" ">
    <subfield code="a">Polský ekonom, vysokoškolský pedagog Wroclawské univerzity, specialista na mezinárodní hospodářské vztahy a mezinárodní obchod.</subfield>
  </datafield>
  <datafield tag="906" ind1=" " ind2=" ">
    <subfield code="a">ko20201123</subfield>
    <subfield code="b">pospel</subfield>
  </datafield>
  <datafield tag="906" ind1=" " ind2=" ">
    <subfield code="a">vr20201126</subfield>
    <subfield code="b">maku</subfield>
  </datafield>
</record>