

<record>
  <leader>     nz  a22     n  4500</leader>
  <controlfield tag="001">mub20201093947</controlfield>
  <controlfield tag="003">CZ PrNK</controlfield>
  <controlfield tag="005">20201126110031.0</controlfield>
  <controlfield tag="008">201123|n|aznnnaabn           n a|a      </controlfield>
  <datafield tag="040" ind1=" " ind2=" ">
    <subfield code="a">BOD114</subfield>
    <subfield code="b">cze</subfield>
    <subfield code="d">ABA001</subfield>
    <subfield code="e">rda</subfield>
  </datafield>
  <datafield tag="100" ind1="1" ind2=" ">
    <subfield code="a">Zając, Dariusz</subfield>
    <subfield code="7">mub20201093947</subfield>
  </datafield>
  <datafield tag="370" ind1=" " ind2=" ">
    <subfield code="c">Polsko</subfield>
  </datafield>
  <datafield tag="372" ind1=" " ind2=" ">
    <subfield code="a">finanční právo</subfield>
    <subfield code="a">obchodní právo</subfield>
    <subfield code="a">obchodní společnosti</subfield>
    <subfield code="a">veřejná správa</subfield>
    <subfield code="a">veřejné právo</subfield>
  </datafield>
  <datafield tag="374" ind1=" " ind2=" ">
    <subfield code="a">právníci</subfield>
    <subfield code="a">právní poradci</subfield>
  </datafield>
  <datafield tag="375" ind1=" " ind2=" ">
    <subfield code="a">muž</subfield>
  </datafield>
  <datafield tag="377" ind1=" " ind2=" ">
    <subfield code="a">pol</subfield>
  </datafield>
  <datafield tag="670" ind1=" " ind2=" ">
    <subfield code="a">Europejskie bezzwrotne źródła finansowania polityki regionalnej w Polsce : aspekty prawno-finansowe (pod redakcją Wiesławy Miemiec ; autorzy: Maria Jastrzębska, Grzegorz Karwatowicz, Jarosław Kundera, Maciej Lis, Wiesława Miemiec, Monika Mucha, Jarosław Odachowski, Krzysztof Sobieralski, Władysław Szmyt, Dariusz Zając), 2012</subfield>
  </datafield>
  <datafield tag="670" ind1=" " ind2=" ">
    <subfield code="a">NUKAT, cit. 23. 11. 2020</subfield>
    <subfield code="b">autoritní forma, profesní údaje</subfield>
  </datafield>
  <datafield tag="670" ind1=" " ind2=" ">
    <subfield code="a">BNPL, cit. 23. 11. 2020</subfield>
    <subfield code="b">publikační zaměření</subfield>
  </datafield>
  <datafield tag="678" ind1="0" ind2=" ">
    <subfield code="a">Polský právník, specialista na finanční právo, právní poradce pro obchodní a veřejnou správu.</subfield>
  </datafield>
  <datafield tag="906" ind1=" " ind2=" ">
    <subfield code="a">ko20201123</subfield>
    <subfield code="b">pospel</subfield>
  </datafield>
  <datafield tag="906" ind1=" " ind2=" ">
    <subfield code="a">vr20201126</subfield>
    <subfield code="b">maku</subfield>
  </datafield>
</record>