

<record>
  <leader>     nz  a22     n  4500</leader>
  <controlfield tag="001">kon20201093962</controlfield>
  <controlfield tag="003">CZ PrNK</controlfield>
  <controlfield tag="005">20201124084301.0</controlfield>
  <controlfield tag="008">201124|n|aznnnaabn           n a|a      </controlfield>
  <datafield tag="040" ind1=" " ind2=" ">
    <subfield code="a">ABA001</subfield>
    <subfield code="b">cze</subfield>
    <subfield code="e">rda</subfield>
  </datafield>
  <datafield tag="110" ind1="2" ind2=" ">
    <subfield code="a">První kontribučenská spořitelna.</subfield>
    <subfield code="t">Výroční zpráva (První kontribučenská spořitelna)</subfield>
    <subfield code="7">kon20201093962</subfield>
  </datafield>
  <datafield tag="410" ind1="2" ind2=" ">
    <subfield code="a">První kontribučenská spořitelna.</subfield>
    <subfield code="t">První kontribučenská spořitelna ve Vyškově - účetní závěrka</subfield>
    <subfield code="0">o</subfield>
  </datafield>
  <datafield tag="670" ind1=" " ind2=" ">
    <subfield code="a">... účetní závěrka za rok ... / První kontribučenská spořitelna ve Vyškově a její sběrna a platebna v Ivanovicích na Hané. Ve Vyškově : nákladem První kontribučenské spořitelny, [1871-1930?]</subfield>
  </datafield>
  <datafield tag="906" ind1=" " ind2=" ">
    <subfield code="a">br20201124</subfield>
    <subfield code="b">juri</subfield>
  </datafield>
  <datafield tag="906" ind1=" " ind2=" ">
    <subfield code="a">ks20201124</subfield>
    <subfield code="b">juri</subfield>
  </datafield>
</record>