

<record>
  <leader>     nz  a22     n  4500</leader>
  <datafield tag="900" ind1=" " ind2=" ">
    <subfield code="a">*J-NÁVRH</subfield>
  </datafield>
  <controlfield tag="001">mzk20201093969</controlfield>
  <controlfield tag="003">CZ PrNK</controlfield>
  <controlfield tag="005">20201124090917.0</controlfield>
  <controlfield tag="008">201124|n|aznnnaabn           n a|a      </controlfield>
  <datafield tag="024" ind1="7" ind2=" ">
    <subfield code="a">0000000118806510</subfield>
    <subfield code="2">isni</subfield>
  </datafield>
  <datafield tag="040" ind1=" " ind2=" ">
    <subfield code="a">BOA001</subfield>
    <subfield code="b">cze</subfield>
    <subfield code="e">rda</subfield>
  </datafield>
  <datafield tag="046" ind1=" " ind2=" ">
    <subfield code="f">1970</subfield>
  </datafield>
  <datafield tag="100" ind1="1" ind2=" ">
    <subfield code="a">Gabriele, Alberto,</subfield>
    <subfield code="d">1970-</subfield>
    <subfield code="7">mzk20201093969</subfield>
  </datafield>
  <datafield tag="370" ind1=" " ind2=" ">
    <subfield code="c">Itálie</subfield>
    <subfield code="c">Spojené státy americké</subfield>
    <subfield code="f">Florencie, Itálie</subfield>
    <subfield code="f">Cassino, Itálie</subfield>
    <subfield code="f">New York, New York</subfield>
  </datafield>
  <datafield tag="372" ind1=" " ind2=" ">
    <subfield code="a">anglická filologie</subfield>
    <subfield code="a">literární věda</subfield>
    <subfield code="a">literární kritika</subfield>
    <subfield code="a">literární komparatistika</subfield>
    <subfield code="a">překlady z angličtiny</subfield>
    <subfield code="a">překlady do italštiny</subfield>
  </datafield>
  <datafield tag="374" ind1=" " ind2=" ">
    <subfield code="a">anglisté</subfield>
    <subfield code="a">literární vědci</subfield>
    <subfield code="a">literární kritici</subfield>
  </datafield>
  <datafield tag="375" ind1=" " ind2=" ">
    <subfield code="a">muž</subfield>
  </datafield>
  <datafield tag="377" ind1=" " ind2=" ">
    <subfield code="a">eng</subfield>
  </datafield>
  <datafield tag="670" ind1=" " ind2=" ">
    <subfield code="a">Gabriele, Alberto: Pre-cinematic vision and the modern episteme of sympathy in George Eliot's Middlemarch. In: Brno studies in English. Vol. 46, 2020, No. 1, s. 133-152</subfield>
  </datafield>
  <datafield tag="670" ind1=" " ind2=" ">
    <subfield code="a">ICCU, cit. 24. 11. 2020</subfield>
    <subfield code="b">autoritní forma</subfield>
  </datafield>
  <datafield tag="670" ind1=" " ind2=" ">
    <subfield code="a">LC (Names), cit. 24. 11. 2020</subfield>
    <subfield code="b">biografické údaje; datum narození</subfield>
  </datafield>
  <datafield tag="670" ind1=" " ind2=" ">
    <subfield code="a">BNF, cit. 24. 11. 2020</subfield>
    <subfield code="b">pohlaví</subfield>
  </datafield>
  <datafield tag="670" ind1=" " ind2=" ">
    <subfield code="a">www(ISNI - Gabriele, Alberto, cit. 24. 11. 2020</subfield>
    <subfield code="b">biografické údaje; datum narození</subfield>
    <subfield code="u">https://isni.org/page/search-database/</subfield>
  </datafield>
  <datafield tag="670" ind1=" " ind2=" ">
    <subfield code="a">www(Università degli Studi di Cassino - Gabriele Alberto), cit. 24. 11. 2020</subfield>
    <subfield code="b">profesní specializace</subfield>
    <subfield code="u">https://www.unicas.it/didattica/docenti/schedadocente.aspx?UID=6861a631-b839-41d9-9c83-b01235bd39ea&amp;Cognome=GABRIELE</subfield>
  </datafield>
  <datafield tag="678" ind1="0" ind2=" ">
    <subfield code="a">Filolog, anglista, literární věděc a kritik, zaměřený na literární komparatistiku.</subfield>
  </datafield>
  <datafield tag="906" ind1=" " ind2=" ">
    <subfield code="a">za20201124</subfield>
    <subfield code="b">kmonev</subfield>
  </datafield>
</record>