

<record>
  <leader>     nz  a22     n  4500</leader>
  <controlfield tag="001">aun20201093970</controlfield>
  <controlfield tag="003">CZ PrNK</controlfield>
  <controlfield tag="005">20201124090602.0</controlfield>
  <controlfield tag="008">201124|n|aznnnaabn           n a|a      </controlfield>
  <datafield tag="040" ind1=" " ind2=" ">
    <subfield code="a">ABA001</subfield>
    <subfield code="b">cze</subfield>
    <subfield code="e">rda</subfield>
  </datafield>
  <datafield tag="100" ind1="1" ind2=" ">
    <subfield code="a">Pavel, Ota,</subfield>
    <subfield code="d">1930-1973.</subfield>
    <subfield code="t">Jak jsem potkal ryby.</subfield>
    <subfield code="l">Japonsky</subfield>
    <subfield code="7">aun20201093970</subfield>
  </datafield>
  <datafield tag="400" ind1="1" ind2=" ">
    <subfield code="a">Pavel, Ota,</subfield>
    <subfield code="d">1930-1973.</subfield>
    <subfield code="t">Bohemia no mori to kawa, soshite sakanatachi to boku</subfield>
    <subfield code="0">o</subfield>
  </datafield>
  <datafield tag="670" ind1=" " ind2=" ">
    <subfield code="a">Slovník českých spisovatelů : Libri</subfield>
  </datafield>
  <datafield tag="670" ind1=" " ind2=" ">
    <subfield code="a">Ota Paveru: Bohemia no mori to kawa, soshite sakanatachi to boku. Tōkyō : Michitani, 2020</subfield>
  </datafield>
  <datafield tag="856" ind1="4" ind2="2">
    <subfield code="u">https://ja.wikipedia.org/wiki/%E3%82%AA%E3%82%BF%E3%83%BB%E3%83%91%E3%83%B4%E3%82%A7%E3%83%AB</subfield>
    <subfield code="4">N</subfield>
  </datafield>
  <datafield tag="906" ind1=" " ind2=" ">
    <subfield code="a">br20201124</subfield>
    <subfield code="b">blau</subfield>
  </datafield>
  <datafield tag="906" ind1=" " ind2=" ">
    <subfield code="a">ks20201124</subfield>
    <subfield code="b">blau</subfield>
  </datafield>
</record>