

<record>
  <leader>     nz  a22     n  4500</leader>
  <controlfield tag="001">xx0254369</controlfield>
  <controlfield tag="003">CZ PrNK</controlfield>
  <controlfield tag="005">20201125101055.0</controlfield>
  <controlfield tag="008">201124|n|aznnnaabn           n a|a      </controlfield>
  <datafield tag="040" ind1=" " ind2=" ">
    <subfield code="a">PNG001</subfield>
    <subfield code="b">cze</subfield>
    <subfield code="d">ABA001</subfield>
    <subfield code="e">rda</subfield>
  </datafield>
  <datafield tag="046" ind1=" " ind2=" ">
    <subfield code="f">1951</subfield>
    <subfield code="g">2008</subfield>
  </datafield>
  <datafield tag="100" ind1="1" ind2=" ">
    <subfield code="a">Dvořák, Miroslav,</subfield>
    <subfield code="d">1951-2008</subfield>
    <subfield code="7">xx0254369</subfield>
  </datafield>
  <datafield tag="370" ind1=" " ind2=" ">
    <subfield code="a">Hluboká nad Vltavou, Česko</subfield>
    <subfield code="b">České Budějovice, Česko</subfield>
    <subfield code="c">Česko</subfield>
  </datafield>
  <datafield tag="372" ind1=" " ind2=" ">
    <subfield code="a">lední hokej</subfield>
    <subfield code="a">sport</subfield>
    <subfield code="a">olympijské hry</subfield>
  </datafield>
  <datafield tag="374" ind1=" " ind2=" ">
    <subfield code="a">sportovci</subfield>
    <subfield code="a">olympionici</subfield>
    <subfield code="a">hokejisté</subfield>
    <subfield code="a">hokejoví trenéři</subfield>
  </datafield>
  <datafield tag="375" ind1=" " ind2=" ">
    <subfield code="a">muž</subfield>
  </datafield>
  <datafield tag="377" ind1=" " ind2=" ">
    <subfield code="a">cze</subfield>
  </datafield>
  <datafield tag="670" ind1=" " ind2=" ">
    <subfield code="a">Suchan, František: Nezdolní, 2019 (kapitola: Miroslav Dvořák)</subfield>
    <subfield code="b">autoritní forma, biografické údaje, datum narození, datum úmrtí</subfield>
  </datafield>
  <datafield tag="670" ind1=" " ind2=" ">
    <subfield code="a">www(Wikipedie, otevřená encyklopedie), cit. 24.11.2020</subfield>
    <subfield code="b">biografické údaje, datum narození, datum úmrtí</subfield>
    <subfield code="u">https://cs.wikipedia.org/wiki/Miroslav_Dvo%C5%99%C3%A1k_(ledn%C3%AD_hokejista)</subfield>
  </datafield>
  <datafield tag="678" ind1="0" ind2=" ">
    <subfield code="a">Narozen 11. 10. 1951 v Hluboké nad Vltavou, zemřel 12. 6. 2008 v Českých Budějovicích. Sportovec, hokejista, olympionik, trenér.</subfield>
  </datafield>
  <datafield tag="906" ind1=" " ind2=" ">
    <subfield code="a">za20201124</subfield>
    <subfield code="b">xmour</subfield>
  </datafield>
  <datafield tag="906" ind1=" " ind2=" ">
    <subfield code="a">vr20201125</subfield>
    <subfield code="b">adpi</subfield>
  </datafield>
</record>