

<record>
  <leader>     nz  a22     n  4500</leader>
  <controlfield tag="001">kon20201093979</controlfield>
  <controlfield tag="003">CZ PrNK</controlfield>
  <controlfield tag="005">20201124093509.0</controlfield>
  <controlfield tag="008">201124|n|aznnnaabn           n a|a      </controlfield>
  <datafield tag="040" ind1=" " ind2=" ">
    <subfield code="a">ABA001</subfield>
    <subfield code="b">cze</subfield>
    <subfield code="e">rda</subfield>
  </datafield>
  <datafield tag="110" ind1="2" ind2=" ">
    <subfield code="a">Matice divadelní.</subfield>
    <subfield code="t">Výroční zpráva (Matice divadelní)</subfield>
    <subfield code="7">kon20201093979</subfield>
  </datafield>
  <datafield tag="410" ind1="2" ind2=" ">
    <subfield code="a">Matice divadelní.</subfield>
    <subfield code="t">Zpráva o činnosti Matice divadelní</subfield>
    <subfield code="0">o</subfield>
  </datafield>
  <datafield tag="670" ind1=" " ind2=" ">
    <subfield code="a">Zpráva o činnosti Ústřední Matice divadelního ochotnictva československého a Matice divadelní. V Praze : nákladem ÚMDOČ, [1919?-1939?]</subfield>
  </datafield>
  <datafield tag="906" ind1=" " ind2=" ">
    <subfield code="a">br20201124</subfield>
    <subfield code="b">juri</subfield>
  </datafield>
  <datafield tag="906" ind1=" " ind2=" ">
    <subfield code="a">ks20201124</subfield>
    <subfield code="b">juri</subfield>
  </datafield>
</record>