

<record>
  <leader>     cz  a22     n  4500</leader>
  <controlfield tag="001">xx0254376</controlfield>
  <controlfield tag="003">CZ PrNK</controlfield>
  <controlfield tag="005">20201125085547.0</controlfield>
  <controlfield tag="008">201124|n|aznnnaabn           n a|a      </controlfield>
  <datafield tag="040" ind1=" " ind2=" ">
    <subfield code="a">BOE303</subfield>
    <subfield code="b">cze</subfield>
    <subfield code="d">ABA001</subfield>
    <subfield code="e">rda</subfield>
  </datafield>
  <datafield tag="046" ind1=" " ind2=" ">
    <subfield code="f">1972</subfield>
  </datafield>
  <datafield tag="100" ind1="1" ind2=" ">
    <subfield code="a">Auzinger, Joerg,</subfield>
    <subfield code="d">1972-</subfield>
    <subfield code="7">xx0254376</subfield>
  </datafield>
  <datafield tag="MOR" ind1="0" ind2=" ">
    <subfield code="a">Auzinger, Jörg,</subfield>
    <subfield code="d">1972-</subfield>
    <subfield code="7">xx0254376</subfield>
  </datafield>
  <datafield tag="370" ind1=" " ind2=" ">
    <subfield code="a">Linec, Rakousko</subfield>
    <subfield code="c">Rakousko</subfield>
    <subfield code="f">Vídeň, Rakousko</subfield>
    <subfield code="f">Štýrský Hradec, Rakousko</subfield>
  </datafield>
  <datafield tag="372" ind1=" " ind2=" ">
    <subfield code="a">vizuální umění</subfield>
    <subfield code="a">galerie</subfield>
    <subfield code="a">moderní umění</subfield>
    <subfield code="a">mediální umění</subfield>
    <subfield code="a">fotografování</subfield>
    <subfield code="a">design</subfield>
  </datafield>
  <datafield tag="374" ind1=" " ind2=" ">
    <subfield code="a">výtvarní umělci</subfield>
    <subfield code="a">fotografové</subfield>
    <subfield code="a">designéři</subfield>
  </datafield>
  <datafield tag="375" ind1=" " ind2=" ">
    <subfield code="a">muž</subfield>
  </datafield>
  <datafield tag="377" ind1=" " ind2=" ">
    <subfield code="a">ger</subfield>
  </datafield>
  <datafield tag="400" ind1="1" ind2=" ">
    <subfield code="a">Auzinger, Jörg,</subfield>
    <subfield code="d">1972-</subfield>
    <subfield code="0">o</subfield>
  </datafield>
  <datafield tag="670" ind1=" " ind2=" ">
    <subfield code="a">DNB, cit. 25. 11. 2020</subfield>
    <subfield code="b">autoritní forma, datum narození, odkaz viz, biografické údaje</subfield>
  </datafield>
  <datafield tag="670" ind1=" " ind2=" ">
    <subfield code="a">Jörg Auzinger, Horst M. Jaritz, 1998</subfield>
  </datafield>
  <datafield tag="670" ind1=" " ind2=" ">
    <subfield code="a">www(osobní stránka), cit. 25. 11. 2020</subfield>
    <subfield code="b">biografické údaje</subfield>
    <subfield code="u">https://www.auzinger.net/</subfield>
  </datafield>
  <datafield tag="678" ind1="0" ind2=" ">
    <subfield code="a">Rakouský umělec, činný v oblasti vizuálního umění a umělecké instalace. Mediální umělec, fotograf, designér. Umělecký ředitel galerie Reflektor.</subfield>
  </datafield>
  <datafield tag="906" ind1=" " ind2=" ">
    <subfield code="a">za20201124</subfield>
    <subfield code="b">xjale</subfield>
  </datafield>
  <datafield tag="906" ind1=" " ind2=" ">
    <subfield code="a">oz20201125</subfield>
    <subfield code="b">kurd</subfield>
    <subfield code="c">Záhlaví - oprava jména; 370f - nově; 372a, 374a - další výskyty, 377 - nově; Odkaz viz - nově; 670 - aktualizace, doplnění, formální oprava, zrušeno; 678 - doplnění</subfield>
  </datafield>
</record>