

<record>
  <leader>     nz  a22     n  4500</leader>
  <datafield tag="900" ind1=" " ind2=" ">
    <subfield code="a">J-NÁVRH-STT</subfield>
  </datafield>
  <controlfield tag="001">ntk20201093999</controlfield>
  <controlfield tag="003">CZ PrNK</controlfield>
  <controlfield tag="005">20201124104009.0</controlfield>
  <controlfield tag="008">201124|n|aznnnaabn           n a|a      </controlfield>
  <datafield tag="024" ind1="7" ind2=" ">
    <subfield code="a">0000000356933419</subfield>
    <subfield code="2">isni</subfield>
  </datafield>
  <datafield tag="040" ind1=" " ind2=" ">
    <subfield code="a">ABA013</subfield>
    <subfield code="b">cze</subfield>
    <subfield code="e">rda</subfield>
  </datafield>
  <datafield tag="046" ind1=" " ind2=" ">
    <subfield code="s">1696</subfield>
  </datafield>
  <datafield tag="100" ind1="1" ind2=" ">
    <subfield code="a">Bernhardi, Adam Bethmann,</subfield>
    <subfield code="d">činný 1696</subfield>
    <subfield code="7">ntk20201093999</subfield>
  </datafield>
  <datafield tag="368" ind1=" " ind2=" ">
    <subfield code="d">Dr. Med.</subfield>
    <subfield code="s">1696</subfield>
  </datafield>
  <datafield tag="370" ind1=" " ind2=" ">
    <subfield code="c">Německo</subfield>
    <subfield code="f">Jena, Německo</subfield>
    <subfield code="f">Allstedt, Německo</subfield>
    <subfield code="f">Sasko, Německo</subfield>
  </datafield>
  <datafield tag="372" ind1=" " ind2=" ">
    <subfield code="a">lékařství</subfield>
    <subfield code="a">oftalmologie</subfield>
    <subfield code="a">oční optika</subfield>
    <subfield code="a">oči</subfield>
    <subfield code="a">oftalmologické přístroje</subfield>
    <subfield code="a">optická skla</subfield>
    <subfield code="a">doktorské studium</subfield>
  </datafield>
  <datafield tag="373" ind1=" " ind2=" ">
    <subfield code="a">Universität Jena</subfield>
    <subfield code="s">1696</subfield>
    <subfield code="t">1696</subfield>
  </datafield>
  <datafield tag="374" ind1=" " ind2=" ">
    <subfield code="a">lékaři</subfield>
    <subfield code="a">oftalmologové</subfield>
    <subfield code="a">vysokoškolští studenti</subfield>
  </datafield>
  <datafield tag="377" ind1=" " ind2=" ">
    <subfield code="a">lat</subfield>
  </datafield>
  <datafield tag="400" ind1="1" ind2=" ">
    <subfield code="a">Bernhardi, Adamus Bethmannus,</subfield>
    <subfield code="d">činný 1696</subfield>
    <subfield code="0">o</subfield>
  </datafield>
  <datafield tag="667" ind1=" " ind2=" ">
    <subfield code="a">http://d-nb.info/gnd/132172410.</subfield>
  </datafield>
  <datafield tag="670" ind1=" " ind2=" ">
    <subfield code="a">Q. D. B. V. OPTICA OCVLORVM, SUB PRAESIDIO GEORGII ALBERTI HAMBERGERI ... ad d. Octobr. MDCIVC. ... subjiciet ADAMVS BETHMANNVS BERNHARDI, Alsted Saxo-Palat. S. Theol. Stud. JENÆ: LITTERIS GOLLNERIANIS, 1696</subfield>
    <subfield code="b">odkaz viz</subfield>
    <subfield code="u">http://resolver.sub.uni-goettingen.de/purl?PPN778580741</subfield>
  </datafield>
  <datafield tag="670" ind1=" " ind2=" ">
    <subfield code="a">DNB, cit. 24. 11. 2020</subfield>
    <subfield code="b">autoritní forma, odkazy viz, datum a místo činnosti</subfield>
    <subfield code="u">http://d-nb.info/gnd/132172410</subfield>
  </datafield>
  <datafield tag="670" ind1=" " ind2=" ">
    <subfield code="a">www(WorldCat Identities Bernhardi, Adam Bethmann), cit. 24. 11. 2020</subfield>
    <subfield code="b">seznam publikací, pole 377</subfield>
    <subfield code="u">https://www.worldcat.org/identities/viaf-55300472/</subfield>
  </datafield>
  <datafield tag="678" ind1="0" ind2=" ">
    <subfield code="a">Doktorský student Jenské univerzity, pocházející ze saského Allstedtu (obhajoba disertace z oboru lékařství, oftalmologie 1696).</subfield>
  </datafield>
  <datafield tag="906" ind1=" " ind2=" ">
    <subfield code="a">za20201124</subfield>
    <subfield code="b">evbr</subfield>
  </datafield>
  <datafield tag="906" ind1=" " ind2=" ">
    <subfield code="a">ko20201124</subfield>
    <subfield code="b">evbr</subfield>
  </datafield>
</record>