

<record>
  <leader>     nz  a22     n  4500</leader>
  <controlfield tag="001">jo20201094005</controlfield>
  <controlfield tag="003">CZ PrNK</controlfield>
  <controlfield tag="005">20201124103734.0</controlfield>
  <controlfield tag="008">201124|n|aznnnaabn           n a|a      </controlfield>
  <datafield tag="040" ind1=" " ind2=" ">
    <subfield code="a">ABA001</subfield>
    <subfield code="b">cze</subfield>
    <subfield code="e">rda</subfield>
  </datafield>
  <datafield tag="100" ind1="1" ind2=" ">
    <subfield code="a">Weiss, Harald</subfield>
    <subfield code="7">jo20201094005</subfield>
  </datafield>
  <datafield tag="368" ind1=" " ind2=" ">
    <subfield code="d">Dr.</subfield>
  </datafield>
  <datafield tag="370" ind1=" " ind2=" ">
    <subfield code="c">Německo</subfield>
  </datafield>
  <datafield tag="372" ind1=" " ind2=" ">
    <subfield code="a">film</subfield>
    <subfield code="a">filmová věda</subfield>
    <subfield code="a">filmová teorie</subfield>
    <subfield code="a">filmová tvorba</subfield>
    <subfield code="a">mediální umění</subfield>
  </datafield>
  <datafield tag="374" ind1=" " ind2=" ">
    <subfield code="a">filmoví teoretici</subfield>
    <subfield code="a">lektoři (vzdělávání)</subfield>
  </datafield>
  <datafield tag="375" ind1=" " ind2=" ">
    <subfield code="a">muž</subfield>
  </datafield>
  <datafield tag="377" ind1=" " ind2=" ">
    <subfield code="a">ger</subfield>
  </datafield>
  <datafield tag="400" ind1="1" ind2=" ">
    <subfield code="a">Weiß, Harald</subfield>
    <subfield code="0">o</subfield>
  </datafield>
  <datafield tag="670" ind1=" " ind2=" ">
    <subfield code="a">Weiss, Harald. Der Flug der Biene Maja durch die Welt der Medien: Buch, Film, Hörspiel und Zeichentrickserie. Wiesbaden: Harrassowitz, 2012</subfield>
  </datafield>
  <datafield tag="670" ind1=" " ind2=" ">
    <subfield code="a">www(Eberhard Karls Universität Tübingen- Seminar für Allgemeine Rhetorik: Filmvorführung), cit. 24. 11. 2020</subfield>
    <subfield code="b">biografické údaje</subfield>
  </datafield>
  <datafield tag="670" ind1=" " ind2=" ">
    <subfield code="a">DNB, cit. 24. 11. 2020</subfield>
    <subfield code="b">autoritní forma, biografické údaje, odkaz viz</subfield>
  </datafield>
  <datafield tag="678" ind1="0" ind2=" ">
    <subfield code="a">Filmový vědec, mediální specialista, lektor mediálních studií.</subfield>
  </datafield>
  <datafield tag="906" ind1=" " ind2=" ">
    <subfield code="a">br20201124</subfield>
    <subfield code="b">beba</subfield>
  </datafield>
</record>