

<record>
  <leader>     nz  a22     n  4500</leader>
  <controlfield tag="001">pna20201094018</controlfield>
  <controlfield tag="003">CZ PrNK</controlfield>
  <controlfield tag="005">20201126134047.0</controlfield>
  <controlfield tag="008">201124|n|aznnnaabn           n a|a      </controlfield>
  <datafield tag="040" ind1=" " ind2=" ">
    <subfield code="a">PNA001</subfield>
    <subfield code="b">cze</subfield>
    <subfield code="d">ABA001</subfield>
    <subfield code="e">rda</subfield>
  </datafield>
  <datafield tag="046" ind1=" " ind2=" ">
    <subfield code="f">1997</subfield>
  </datafield>
  <datafield tag="100" ind1="1" ind2=" ">
    <subfield code="a">Gajdoš, Štěpán,</subfield>
    <subfield code="d">1997-</subfield>
    <subfield code="7">pna20201094018</subfield>
  </datafield>
  <datafield tag="370" ind1=" " ind2=" ">
    <subfield code="a">Kroměříž, Česko</subfield>
    <subfield code="c">Česko</subfield>
  </datafield>
  <datafield tag="372" ind1=" " ind2=" ">
    <subfield code="a">divadelní režie</subfield>
    <subfield code="a">filmová scenáristika</subfield>
    <subfield code="a">herectví</subfield>
    <subfield code="a">loutkové divadlo</subfield>
    <subfield code="a">animovaný film</subfield>
  </datafield>
  <datafield tag="374" ind1=" " ind2=" ">
    <subfield code="a">režiséři</subfield>
    <subfield code="a">scenáristé</subfield>
    <subfield code="a">herci</subfield>
  </datafield>
  <datafield tag="375" ind1=" " ind2=" ">
    <subfield code="a">muž</subfield>
  </datafield>
  <datafield tag="377" ind1=" " ind2=" ">
    <subfield code="a">cze</subfield>
  </datafield>
  <datafield tag="670" ind1=" " ind2=" ">
    <subfield code="a">Skupa, Josef - Gajdoš, Štěpán ... et al.: Ať žije Spejbl! [zvukový záznam], 2020</subfield>
    <subfield code="b">autoritní forma</subfield>
  </datafield>
  <datafield tag="670" ind1=" " ind2=" ">
    <subfield code="a">www(Wikipedie, otevřená encyklopedie), cit. 24. 11. 2020</subfield>
    <subfield code="b">úplné datum a místo narození, profesní údaje</subfield>
    <subfield code="u">https://cs.wikipedia.org/wiki/%C5%A0t%C4%9Bp%C3%A1n_Gajdo%C5%A1</subfield>
  </datafield>
  <datafield tag="678" ind1="0" ind2=" ">
    <subfield code="a">Narozen 6. 6. 1997 v Kroměříži. Režisér, scenárista a herec, zabývá se animovaným filmem a loutkovým divadlem.</subfield>
  </datafield>
  <datafield tag="906" ind1=" " ind2=" ">
    <subfield code="a">za20201124</subfield>
    <subfield code="b">kali</subfield>
  </datafield>
  <datafield tag="906" ind1=" " ind2=" ">
    <subfield code="a">fr20201126</subfield>
    <subfield code="b">lisi</subfield>
  </datafield>
</record>