

<record>
  <leader>     nz  a22     n  4500</leader>
  <datafield tag="900" ind1=" " ind2=" ">
    <subfield code="a">*J-NÁVRH</subfield>
  </datafield>
  <controlfield tag="001">mzk20201094019</controlfield>
  <controlfield tag="003">CZ PrNK</controlfield>
  <controlfield tag="005">20201124110625.0</controlfield>
  <controlfield tag="008">201124|n|aznnnaabn           n a|a      </controlfield>
  <datafield tag="040" ind1=" " ind2=" ">
    <subfield code="a">BOA001</subfield>
    <subfield code="b">cze</subfield>
    <subfield code="e">rda</subfield>
  </datafield>
  <datafield tag="046" ind1=" " ind2=" ">
    <subfield code="f">1977</subfield>
  </datafield>
  <datafield tag="100" ind1="1" ind2=" ">
    <subfield code="a">Vunić, Krešimir,</subfield>
    <subfield code="d">1977-</subfield>
    <subfield code="7">mzk20201094019</subfield>
  </datafield>
  <datafield tag="370" ind1=" " ind2=" ">
    <subfield code="a">Sydney, Nový Jižní Wales</subfield>
    <subfield code="c">Chorvatsko</subfield>
    <subfield code="f">Pula, Chorvatsko</subfield>
  </datafield>
  <datafield tag="372" ind1=" " ind2=" ">
    <subfield code="a">angličtina</subfield>
    <subfield code="a">anglická filologie</subfield>
    <subfield code="a">britská literatura</subfield>
    <subfield code="a">literární historie</subfield>
  </datafield>
  <datafield tag="374" ind1=" " ind2=" ">
    <subfield code="a">anglisté</subfield>
    <subfield code="a">vysokoškolští učitelé</subfield>
    <subfield code="a">překladatelé</subfield>
  </datafield>
  <datafield tag="375" ind1=" " ind2=" ">
    <subfield code="a">muž</subfield>
  </datafield>
  <datafield tag="377" ind1=" " ind2=" ">
    <subfield code="a">hrv</subfield>
    <subfield code="a">eng</subfield>
  </datafield>
  <datafield tag="670" ind1=" " ind2=" ">
    <subfield code="a">Vunić, Krešimir: Revisiting William Blake's Marriage of Heaven and Hell. In: Brno studies in English. Vol. 46, 2020, No. 1, s. 279-288</subfield>
  </datafield>
  <datafield tag="670" ind1=" " ind2=" ">
    <subfield code="a">www(Nacionalna i sveučilišna knjižnica u Zagrebu), cit. 24. 11. 2020</subfield>
    <subfield code="b">autoritní forma; biografické údaje; datum a místo narození</subfield>
  </datafield>
  <datafield tag="670" ind1=" " ind2=" ">
    <subfield code="a">LC (Names), cit. 24. 11. 2020</subfield>
    <subfield code="b">související místo: Chorvatsko</subfield>
  </datafield>
  <datafield tag="670" ind1=" " ind2=" ">
    <subfield code="a">www(Filozofski fakultet Sveučilišta Jurja Dobrile u Puli - Krešimir Vunić), cit. 24. 11. 2020</subfield>
    <subfield code="b">profesní specializace</subfield>
    <subfield code="u">https://ffpu.unipu.hr/ffpu/kresimir.vunic</subfield>
  </datafield>
  <datafield tag="678" ind1="0" ind2=" ">
    <subfield code="a">Chorvatský filolog a literární vědec, anglista, lektor angličtiny, též překladatel.</subfield>
  </datafield>
  <datafield tag="906" ind1=" " ind2=" ">
    <subfield code="a">za20201124</subfield>
    <subfield code="b">kmonev</subfield>
  </datafield>
</record>