

<record>
  <leader>     nz  a22     n  4500</leader>
  <datafield tag="900" ind1=" " ind2=" ">
    <subfield code="a">J-NÁVRH-STT</subfield>
  </datafield>
  <controlfield tag="001">ntk20201094020</controlfield>
  <controlfield tag="003">CZ PrNK</controlfield>
  <controlfield tag="005">20201124115345.0</controlfield>
  <controlfield tag="008">201124|n|aznnnaabn           n a|a      </controlfield>
  <datafield tag="024" ind1="7" ind2=" ">
    <subfield code="a">Q55901431</subfield>
    <subfield code="2">wikidata</subfield>
  </datafield>
  <datafield tag="040" ind1=" " ind2=" ">
    <subfield code="a">ABA013</subfield>
    <subfield code="b">cze</subfield>
    <subfield code="e">rda</subfield>
  </datafield>
  <datafield tag="046" ind1=" " ind2=" ">
    <subfield code="f">1663</subfield>
    <subfield code="g">1713</subfield>
  </datafield>
  <datafield tag="100" ind1="1" ind2=" ">
    <subfield code="a">Koeler, Johann Achatius,</subfield>
    <subfield code="d">1663-1713</subfield>
    <subfield code="7">ntk20201094020</subfield>
  </datafield>
  <datafield tag="368" ind1=" " ind2=" ">
    <subfield code="d">Professor</subfield>
  </datafield>
  <datafield tag="368" ind1=" " ind2=" ">
    <subfield code="d">Dr.Phil.</subfield>
    <subfield code="s">1685</subfield>
  </datafield>
  <datafield tag="370" ind1=" " ind2=" ">
    <subfield code="a">Heilbronn, Německo</subfield>
    <subfield code="c">Německo</subfield>
    <subfield code="f">Coburg, Německo</subfield>
    <subfield code="f">Jena, Německo</subfield>
    <subfield code="f">Altdorf bei Nürnberg</subfield>
  </datafield>
  <datafield tag="372" ind1=" " ind2=" ">
    <subfield code="a">fyzika</subfield>
    <subfield code="a">mechanika</subfield>
    <subfield code="a">optika</subfield>
    <subfield code="a">matematika</subfield>
    <subfield code="a">orientalistika</subfield>
  </datafield>
  <datafield tag="373" ind1=" " ind2=" ">
    <subfield code="a">Universität Altdorf</subfield>
    <subfield code="s">1685</subfield>
    <subfield code="t">1685</subfield>
  </datafield>
  <datafield tag="373" ind1=" " ind2=" ">
    <subfield code="a">Universität Jena</subfield>
    <subfield code="a">Gymnasium Casimirianum</subfield>
  </datafield>
  <datafield tag="374" ind1=" " ind2=" ">
    <subfield code="a">fyzici</subfield>
    <subfield code="a">matematici</subfield>
    <subfield code="a">orientalisté</subfield>
    <subfield code="a">vysokoškolští učitelé</subfield>
    <subfield code="a">středoškolští učitelé</subfield>
  </datafield>
  <datafield tag="375" ind1=" " ind2=" ">
    <subfield code="a">muž</subfield>
  </datafield>
  <datafield tag="377" ind1=" " ind2=" ">
    <subfield code="a">lat</subfield>
  </datafield>
  <datafield tag="400" ind1="1" ind2=" ">
    <subfield code="a">Cöler, Johannes Achatius,</subfield>
    <subfield code="d">1663-1713</subfield>
    <subfield code="0">o</subfield>
  </datafield>
  <datafield tag="400" ind1="1" ind2=" ">
    <subfield code="a">Coeler, Johann Achatius,</subfield>
    <subfield code="d">1663-1713</subfield>
    <subfield code="0">o</subfield>
  </datafield>
  <datafield tag="400" ind1="1" ind2=" ">
    <subfield code="a">Coler, Johann Achatius,</subfield>
    <subfield code="d">1663-1713</subfield>
    <subfield code="0">o</subfield>
  </datafield>
  <datafield tag="400" ind1="1" ind2=" ">
    <subfield code="a">Colerus, Johann Achatius,</subfield>
    <subfield code="d">1663-1713</subfield>
    <subfield code="0">o</subfield>
  </datafield>
  <datafield tag="400" ind1="1" ind2=" ">
    <subfield code="a">Colerus, Johannes Achatius,</subfield>
    <subfield code="d">1663-1713</subfield>
    <subfield code="0">o</subfield>
  </datafield>
  <datafield tag="400" ind1="1" ind2=" ">
    <subfield code="a">Koeler, Johannes Achatius,</subfield>
    <subfield code="d">1663-1713</subfield>
    <subfield code="0">o</subfield>
  </datafield>
  <datafield tag="400" ind1="1" ind2=" ">
    <subfield code="a">Coeler, Johannes Achatius,</subfield>
    <subfield code="d">1663-1713</subfield>
    <subfield code="0">o</subfield>
  </datafield>
  <datafield tag="667" ind1=" " ind2=" ">
    <subfield code="a">http://d-nb.info/gnd/115536833.</subfield>
  </datafield>
  <datafield tag="670" ind1=" " ind2=" ">
    <subfield code="a">PRIMARIA GRAVIUM LEVIUMQUE PHÆNOMENA ad Principia ... EAM SUB PRÆSIDIO ... DN. M. JOH. CHRISTOPHORI STURMII ... JOHANNES ACHATIUS CÖLER, Heilsbronnâ-Francus. Ad d. 28. Martii M.DC.LXXXV. Altdorffi: Typis Johannis Henrici Schönnerstædt, 1685</subfield>
    <subfield code="b">odkaz viz</subfield>
    <subfield code="u">https://doi.org/10.3931/e-rara-38920</subfield>
  </datafield>
  <datafield tag="670" ind1=" " ind2=" ">
    <subfield code="a">DNB, cit. 24. 11. 2020</subfield>
    <subfield code="b">autoritní forma, odkazy viz, datum a místo narození, datum úmrtí, místo činnosti</subfield>
    <subfield code="u">http://d-nb.info/gnd/115536833</subfield>
  </datafield>
  <datafield tag="678" ind1="0" ind2=" ">
    <subfield code="a">Německý fyzik, matematik a orientalista. Po získání doktorátu z oboru fyziky na Altdorfské univerzitě (1685) působil jako profesor na Jenské univerzitě, později učil na gymnáziu „Casimirianum“ v Coburgu.</subfield>
  </datafield>
  <datafield tag="906" ind1=" " ind2=" ">
    <subfield code="a">za20201124</subfield>
    <subfield code="b">evbr</subfield>
  </datafield>
  <datafield tag="906" ind1=" " ind2=" ">
    <subfield code="a">ko20201124</subfield>
    <subfield code="b">evbr</subfield>
  </datafield>
</record>