

<record>
  <leader>     nz  a22     n  4500</leader>
  <controlfield tag="001">xx0254396</controlfield>
  <controlfield tag="003">CZ PrNK</controlfield>
  <controlfield tag="005">20201125072351.0</controlfield>
  <controlfield tag="008">201124|n|aznnnaabn           n a|a      </controlfield>
  <datafield tag="040" ind1=" " ind2=" ">
    <subfield code="a">ABA008</subfield>
    <subfield code="b">cze</subfield>
    <subfield code="d">ABA001</subfield>
    <subfield code="e">rda</subfield>
  </datafield>
  <datafield tag="100" ind1="1" ind2=" ">
    <subfield code="a">Hrbáčiková, Katarína</subfield>
    <subfield code="7">xx0254396</subfield>
  </datafield>
  <datafield tag="368" ind1=" " ind2=" ">
    <subfield code="d">MDDr.</subfield>
    <subfield code="s">2016</subfield>
  </datafield>
  <datafield tag="370" ind1=" " ind2=" ">
    <subfield code="a">Veľký Krtíš, Slovensko</subfield>
    <subfield code="c">Slovensko</subfield>
  </datafield>
  <datafield tag="372" ind1=" " ind2=" ">
    <subfield code="a">stomatologie</subfield>
  </datafield>
  <datafield tag="374" ind1=" " ind2=" ">
    <subfield code="a">stomatoložky</subfield>
  </datafield>
  <datafield tag="375" ind1=" " ind2=" ">
    <subfield code="a">žena</subfield>
  </datafield>
  <datafield tag="377" ind1=" " ind2=" ">
    <subfield code="a">slo</subfield>
  </datafield>
  <datafield tag="670" ind1=" " ind2=" ">
    <subfield code="a">Hrbáčiková, Katarína ... [et al.]: Možnosti posúdenia maturácie stredového podnebného šva v liečbe skeletálne úzkej maxilly. Súhrnný referát. Ortodoncie, 2020, roč. 29, č. 3, s. 147-158.</subfield>
  </datafield>
  <datafield tag="670" ind1=" " ind2=" ">
    <subfield code="a">Slovenská lekárska knižnica, cit. 24. 11. 2020</subfield>
    <subfield code="b">autoritní forma</subfield>
  </datafield>
  <datafield tag="670" ind1=" " ind2=" ">
    <subfield code="a">www(LF - Slovenská zdravotnícka univerzita), cit. 24. 11. 2020</subfield>
    <subfield code="b">místo narození, profesní data</subfield>
  </datafield>
  <datafield tag="675" ind1=" " ind2=" ">
    <subfield code="a">SNK, cit. 24. 11. 2020;</subfield>
    <subfield code="a">SKK SR, cit. 24. 11. 2020</subfield>
  </datafield>
  <datafield tag="678" ind1="0" ind2=" ">
    <subfield code="a">MDDr., stomatoložka, studentka doktorského studia (Oddělenie čelustnej ortopedie, Klinika stomatológie a maxilofaciálnej chirurgie Lékarské fakulty Univerzity Komenského a Onkologický Ústav sv. Alžběty, Bratislava).</subfield>
  </datafield>
  <datafield tag="906" ind1=" " ind2=" ">
    <subfield code="a">za20201124</subfield>
    <subfield code="b">xlufr</subfield>
  </datafield>
  <datafield tag="906" ind1=" " ind2=" ">
    <subfield code="a">fr20201125</subfield>
    <subfield code="b">lisi</subfield>
  </datafield>
</record>