

<record>
  <leader>     nz  a22     n  4500</leader>
  <controlfield tag="001">pna20201094036</controlfield>
  <controlfield tag="003">CZ PrNK</controlfield>
  <controlfield tag="005">20201126134206.0</controlfield>
  <controlfield tag="008">201124|n|aznnnaabn           n a|a      </controlfield>
  <datafield tag="040" ind1=" " ind2=" ">
    <subfield code="a">PNA001</subfield>
    <subfield code="b">cze</subfield>
    <subfield code="d">ABA001</subfield>
    <subfield code="e">rda</subfield>
  </datafield>
  <datafield tag="046" ind1=" " ind2=" ">
    <subfield code="f">1972</subfield>
  </datafield>
  <datafield tag="100" ind1="1" ind2=" ">
    <subfield code="a">Volf, Martin,</subfield>
    <subfield code="d">1972-</subfield>
    <subfield code="7">pna20201094036</subfield>
  </datafield>
  <datafield tag="370" ind1=" " ind2=" ">
    <subfield code="c">Česko</subfield>
    <subfield code="f">Koloveč, Česko</subfield>
  </datafield>
  <datafield tag="372" ind1=" " ind2=" ">
    <subfield code="a">umělecká řemesla</subfield>
    <subfield code="a">keramika</subfield>
    <subfield code="a">muzejnictví</subfield>
    <subfield code="a">ochotnické divadlo</subfield>
  </datafield>
  <datafield tag="373" ind1=" " ind2=" ">
    <subfield code="a">Muzeum techniky a řemesel (Koloveč, Česko)</subfield>
    <subfield code="a">Kolofantí (umělecký soubor)</subfield>
  </datafield>
  <datafield tag="374" ind1=" " ind2=" ">
    <subfield code="a">řemeslníci</subfield>
    <subfield code="a">divadelní režiséři</subfield>
    <subfield code="a">dramatici</subfield>
  </datafield>
  <datafield tag="375" ind1=" " ind2=" ">
    <subfield code="a">muž</subfield>
  </datafield>
  <datafield tag="377" ind1=" " ind2=" ">
    <subfield code="a">cze</subfield>
  </datafield>
  <datafield tag="670" ind1=" " ind2=" ">
    <subfield code="a">Volf, Martin: Peklo v nebi [zvukový záznam], 2020</subfield>
    <subfield code="b">autoritní forma</subfield>
  </datafield>
  <datafield tag="670" ind1=" " ind2=" ">
    <subfield code="a">www (Divadelní spolek Kolofantí), cit. 24. 11. 2020</subfield>
    <subfield code="b">profesní údaje</subfield>
  </datafield>
  <datafield tag="670" ind1=" " ind2=" ">
    <subfield code="a">www (Sedmá generace), cit. 24. 11. 2020</subfield>
    <subfield code="b">profesní údaje</subfield>
  </datafield>
  <datafield tag="670" ind1=" " ind2=" ">
    <subfield code="a">www (Živnostenský rejstřík), cit. 24. 11. 2020</subfield>
    <subfield code="b">datum narození</subfield>
  </datafield>
  <datafield tag="678" ind1="0" ind2=" ">
    <subfield code="a">Narozen 30. 11. 1972. Výrobce tradiční keramiky, zakladatel a majitel Muzea techniky a řemesel v Kolovči, též umělecký vedoucí, autor a režisér ochotnického spolku Kolofantí.</subfield>
  </datafield>
  <datafield tag="906" ind1=" " ind2=" ">
    <subfield code="a">za20201124</subfield>
    <subfield code="b">kali</subfield>
  </datafield>
  <datafield tag="906" ind1=" " ind2=" ">
    <subfield code="a">fr20201126</subfield>
    <subfield code="b">lisi</subfield>
  </datafield>
</record>