

<record>
  <leader>     nz  a22     n  4500</leader>
  <controlfield tag="001">jo20201094038</controlfield>
  <controlfield tag="003">CZ PrNK</controlfield>
  <controlfield tag="005">20201125084005.0</controlfield>
  <controlfield tag="008">201124|n|aznnnaabn           n a|a      </controlfield>
  <datafield tag="024" ind1="7" ind2=" ">
    <subfield code="a">0000000114771971</subfield>
    <subfield code="2">isni</subfield>
  </datafield>
  <datafield tag="024" ind1="7" ind2=" ">
    <subfield code="a">Q193901</subfield>
    <subfield code="2">wikidata</subfield>
  </datafield>
  <datafield tag="040" ind1=" " ind2=" ">
    <subfield code="a">ABA001</subfield>
    <subfield code="b">cze</subfield>
    <subfield code="e">rda</subfield>
  </datafield>
  <datafield tag="046" ind1=" " ind2=" ">
    <subfield code="f">1095</subfield>
    <subfield code="g">1154</subfield>
  </datafield>
  <datafield tag="100" ind1="1" ind2=" ">
    <subfield code="a">Roger</subfield>
    <subfield code="b">II.,</subfield>
    <subfield code="c">sicilský král,</subfield>
    <subfield code="d">asi 1095-1154</subfield>
    <subfield code="7">jo20201094038</subfield>
  </datafield>
  <datafield tag="368" ind1=" " ind2=" ">
    <subfield code="d">re di Sicilia</subfield>
    <subfield code="s">1130</subfield>
  </datafield>
  <datafield tag="370" ind1=" " ind2=" ">
    <subfield code="c">Itálie</subfield>
    <subfield code="f">Sicílie, Itálie</subfield>
  </datafield>
  <datafield tag="375" ind1=" " ind2=" ">
    <subfield code="a">muž</subfield>
  </datafield>
  <datafield tag="400" ind1="1" ind2=" ">
    <subfield code="a">Ruggero</subfield>
    <subfield code="b">II.,</subfield>
    <subfield code="c">sicilský král,</subfield>
    <subfield code="d">asi 1095-1154</subfield>
    <subfield code="0">o</subfield>
  </datafield>
  <datafield tag="400" ind1="1" ind2=" ">
    <subfield code="a">Rogerius</subfield>
    <subfield code="b">II.,</subfield>
    <subfield code="c">sicilský král,</subfield>
    <subfield code="d">asi 1095-1154</subfield>
    <subfield code="0">o</subfield>
  </datafield>
  <datafield tag="400" ind1="1" ind2=" ">
    <subfield code="a">Rogerio</subfield>
    <subfield code="b">II.,</subfield>
    <subfield code="c">sicilský král,</subfield>
    <subfield code="d">asi 1095-1154</subfield>
    <subfield code="0">o</subfield>
  </datafield>
  <datafield tag="400" ind1="1" ind2=" ">
    <subfield code="a">Ruggiero</subfield>
    <subfield code="b">II.,</subfield>
    <subfield code="c">sicilský král,</subfield>
    <subfield code="d">asi 1095-1154</subfield>
    <subfield code="0">o</subfield>
  </datafield>
  <datafield tag="670" ind1=" " ind2=" ">
    <subfield code="a">ICCU, cit. 24. 11. 2020</subfield>
    <subfield code="b">odkaz viz</subfield>
  </datafield>
  <datafield tag="670" ind1=" " ind2=" ">
    <subfield code="a">DNB, cit. 24. 11. 2020</subfield>
    <subfield code="b">odkazy viz</subfield>
  </datafield>
  <datafield tag="670" ind1=" " ind2=" ">
    <subfield code="a">www(Wikipedie, otevřená encyklopedie), cit. 24. 11. 2020</subfield>
    <subfield code="b">biografické údaje</subfield>
    <subfield code="u">https://cs.wikipedia.org/wiki/Roger_II._Sicilsk%C3%BD</subfield>
  </datafield>
  <datafield tag="670" ind1=" " ind2=" ">
    <subfield code="a">Roger II of Sicily : family, faith, and empire in the medieval mediterranean world; by Dawn Marie Hayes, 2020</subfield>
    <subfield code="b">biografické údaje</subfield>
  </datafield>
  <datafield tag="670" ind1=" " ind2=" ">
    <subfield code="a">Drška, Václav et al.: Encyklopedie osobností Evropy od starověku do současnosti. 1. vyd. Praha: Nakladatelský dům OP, 1993</subfield>
    <subfield code="b">autoritní forma, biografické údaje, životní data</subfield>
  </datafield>
  <datafield tag="678" ind1="0" ind2=" ">
    <subfield code="a">Normanský kníže, sicilský král od roku 1130.</subfield>
  </datafield>
  <datafield tag="906" ind1=" " ind2=" ">
    <subfield code="a">br20201124</subfield>
    <subfield code="b">maku</subfield>
  </datafield>
</record>