

<record>
  <leader>     nz  a22     n  4500</leader>
  <datafield tag="900" ind1=" " ind2=" ">
    <subfield code="a">*J-NÁVRH</subfield>
  </datafield>
  <controlfield tag="001">mzk20201094060</controlfield>
  <controlfield tag="003">CZ PrNK</controlfield>
  <controlfield tag="005">20201124124055.0</controlfield>
  <controlfield tag="008">201124|n|aznnnaabn           n a|a      </controlfield>
  <datafield tag="024" ind1="7" ind2=" ">
    <subfield code="a">0000000025021618</subfield>
    <subfield code="2">isni</subfield>
  </datafield>
  <datafield tag="040" ind1=" " ind2=" ">
    <subfield code="a">BOA001</subfield>
    <subfield code="b">cze</subfield>
    <subfield code="e">rda</subfield>
  </datafield>
  <datafield tag="046" ind1=" " ind2=" ">
    <subfield code="f">1936</subfield>
    <subfield code="g">1999</subfield>
  </datafield>
  <datafield tag="100" ind1="1" ind2=" ">
    <subfield code="a">Hollister, C. D.,</subfield>
    <subfield code="d">1936-1999</subfield>
    <subfield code="7">mzk20201094060</subfield>
  </datafield>
  <datafield tag="370" ind1=" " ind2=" ">
    <subfield code="a">Santa Barbara, Kalifornie</subfield>
    <subfield code="c">Spojené státy americké</subfield>
  </datafield>
  <datafield tag="372" ind1=" " ind2=" ">
    <subfield code="a">geologie</subfield>
    <subfield code="a">geofyzika</subfield>
    <subfield code="a">oceánografie</subfield>
    <subfield code="a">mořská geologie</subfield>
    <subfield code="a">vědecká práce</subfield>
    <subfield code="a">horolezectví</subfield>
  </datafield>
  <datafield tag="374" ind1=" " ind2=" ">
    <subfield code="a">geologové</subfield>
    <subfield code="a">geofyzici</subfield>
    <subfield code="a">oceánografové</subfield>
    <subfield code="a">vědci</subfield>
    <subfield code="a">horolezci</subfield>
    <subfield code="a">vysokoškolští učitelé</subfield>
  </datafield>
  <datafield tag="375" ind1=" " ind2=" ">
    <subfield code="a">muž</subfield>
  </datafield>
  <datafield tag="377" ind1=" " ind2=" ">
    <subfield code="a">eng</subfield>
  </datafield>
  <datafield tag="400" ind1="1" ind2=" ">
    <subfield code="a">Hollister, Charles D.,</subfield>
    <subfield code="d">1936-1999</subfield>
    <subfield code="7">mzk20201094060</subfield>
    <subfield code="0">o</subfield>
  </datafield>
  <datafield tag="670" ind1=" " ind2=" ">
    <subfield code="a">Hollister, Charles D.: Atlantic continental shelf and slope of the United States - Texture of surface sediments from New Jersey to southern Florida, 1973</subfield>
    <subfield code="b">odkaz viz</subfield>
  </datafield>
  <datafield tag="670" ind1=" " ind2=" ">
    <subfield code="a">LC (Names), cit. 24. 11. 2020</subfield>
    <subfield code="b">autoritní forma</subfield>
  </datafield>
  <datafield tag="670" ind1=" " ind2=" ">
    <subfield code="a">www(Woods Hole Oceanographic Institution), cit. 24. 11. 2020</subfield>
    <subfield code="b">biografické údaje, rok narození, rok úmrtí, místo narození</subfield>
    <subfield code="u">https://www.whoi.edu/press-room/obituary/charles-d-hollister</subfield>
  </datafield>
  <datafield tag="670" ind1=" " ind2=" ">
    <subfield code="a">www(Saxon, Wolfgang: Dr. Charles D. Hollister, 63; Expanded study of sea floor. In: The NewYork Times), 27. 8. 1999, cit. 24. 11. 2020</subfield>
    <subfield code="b">biografické údaje</subfield>
    <subfield code="u">https://www.nytimes.com/1999/08/27/us/dr-charles-d-hollister-63-expanded-study-of-sea-floor.html</subfield>
  </datafield>
  <datafield tag="670" ind1=" " ind2=" ">
    <subfield code="a">www(Woo, Elaine: Charles D. Hollister; Oceanographer dispelled notion of tranquil seabed. In: The NewYork Times), 28. 8. 1999, cit. 24. 11. 2020</subfield>
    <subfield code="b">biografické údaje</subfield>
    <subfield code="u">https://www.latimes.com/archives/la-xpm-1999-aug-28-mn-4440-story.html</subfield>
  </datafield>
  <datafield tag="678" ind1="0" ind2=" ">
    <subfield code="a">Americký geolog, geofyzik, oceánograf, vědec a vysokoškolský učitel zaměřený na výzkum mořského dna. Též horolezec.</subfield>
  </datafield>
  <datafield tag="906" ind1=" " ind2=" ">
    <subfield code="a">za20201124</subfield>
    <subfield code="b">svobal</subfield>
  </datafield>
</record>