

<record>
  <leader>     cz  a22     n  4500</leader>
  <controlfield tag="001">ko20201094064</controlfield>
  <controlfield tag="003">CZ PrNK</controlfield>
  <controlfield tag="005">20201126081522.0</controlfield>
  <controlfield tag="008">201124|n|aznnnaabn           n a|a      </controlfield>
  <datafield tag="040" ind1=" " ind2=" ">
    <subfield code="a">ABA001</subfield>
    <subfield code="b">cze</subfield>
    <subfield code="d">ABA001</subfield>
    <subfield code="e">rda</subfield>
  </datafield>
  <datafield tag="110" ind1="2" ind2=" ">
    <subfield code="a">Zemský svaz okresních sdružení chovatelů hospodářského zvířectva pro Čechy</subfield>
    <subfield code="7">ko20201094064</subfield>
  </datafield>
  <datafield tag="368" ind1=" " ind2=" ">
    <subfield code="a">profesní svazy</subfield>
  </datafield>
  <datafield tag="370" ind1=" " ind2=" ">
    <subfield code="c">Česko</subfield>
    <subfield code="f">Československo</subfield>
    <subfield code="f">Protektorát Čechy a Morava, 1939-1945</subfield>
  </datafield>
  <datafield tag="372" ind1=" " ind2=" ">
    <subfield code="a">chovatelé hospodářských zvířat</subfield>
  </datafield>
  <datafield tag="377" ind1=" " ind2=" ">
    <subfield code="a">cze</subfield>
  </datafield>
  <datafield tag="670" ind1=" " ind2=" ">
    <subfield code="a">Ročenka Zemského svazu okresních sdružení chovatelů hospodářského zvířectva pro Čechy v Praze : 1942</subfield>
  </datafield>
  <datafield tag="670" ind1=" " ind2=" ">
    <subfield code="a">www(Badatelna.eu - Národní archiv - Svaz chovatelů hospodářského zvířectva pro Čechy, Praha), cit. 26.11. 2020</subfield>
    <subfield code="u">http://www.badatelna.eu/fond/873/uvod/1452</subfield>
  </datafield>
  <datafield tag="906" ind1=" " ind2=" ">
    <subfield code="a">za20201124</subfield>
    <subfield code="b">vemo</subfield>
  </datafield>
  <datafield tag="906" ind1=" " ind2=" ">
    <subfield code="a">oz20201126</subfield>
    <subfield code="b">svsv</subfield>
    <subfield code="c">Záhlaví - oprava; URL - oprava; Zdroj - další výskyt; Další info - nově; Související místo - nově; Oblast působení - nově; Jazyk - nově</subfield>
  </datafield>
</record>