

<record>
  <leader>     nz  a22     n  4500</leader>
  <datafield tag="900" ind1=" " ind2=" ">
    <subfield code="a">*J-NÁVRH</subfield>
  </datafield>
  <controlfield tag="001">mzk20201094070</controlfield>
  <controlfield tag="003">CZ PrNK</controlfield>
  <controlfield tag="005">20201124130945.0</controlfield>
  <controlfield tag="008">201124|n|aznnnaabn           n a|a      </controlfield>
  <datafield tag="024" ind1="7" ind2=" ">
    <subfield code="a">0000000047853095</subfield>
    <subfield code="2">isni</subfield>
  </datafield>
  <datafield tag="024" ind1="7" ind2=" ">
    <subfield code="a">0000-0001-7751-4673</subfield>
    <subfield code="2">orcid</subfield>
  </datafield>
  <datafield tag="040" ind1=" " ind2=" ">
    <subfield code="a">BOA001</subfield>
    <subfield code="b">cze</subfield>
    <subfield code="e">rda</subfield>
  </datafield>
  <datafield tag="046" ind1=" " ind2=" ">
    <subfield code="f">1980</subfield>
  </datafield>
  <datafield tag="100" ind1="1" ind2=" ">
    <subfield code="a">Šadurskij, Maksim Ivanovič,</subfield>
    <subfield code="d">1980-</subfield>
    <subfield code="7">mzk20201094070</subfield>
  </datafield>
  <datafield tag="370" ind1=" " ind2=" ">
    <subfield code="c">Bělorusko</subfield>
    <subfield code="c">Rusko</subfield>
    <subfield code="f">Siedlce, Polsko</subfield>
    <subfield code="f">Aberystwyth, Wales</subfield>
    <subfield code="f">Edinburgh, Skotsko</subfield>
  </datafield>
  <datafield tag="372" ind1=" " ind2=" ">
    <subfield code="a">anglická filologie</subfield>
    <subfield code="a">britská literatura</subfield>
    <subfield code="a">utopická literatura</subfield>
    <subfield code="a">kulturní dějiny</subfield>
    <subfield code="a">literární historie</subfield>
    <subfield code="a">literární věda</subfield>
    <subfield code="a">světová literatura</subfield>
    <subfield code="a">evropanství</subfield>
  </datafield>
  <datafield tag="373" ind1=" " ind2=" ">
    <subfield code="a">Uniwersytet Przyrodniczo-Humanistyczny w Siedlcach</subfield>
  </datafield>
  <datafield tag="374" ind1=" " ind2=" ">
    <subfield code="a">literární vědci</subfield>
    <subfield code="a">literární historici</subfield>
  </datafield>
  <datafield tag="375" ind1=" " ind2=" ">
    <subfield code="a">muž</subfield>
  </datafield>
  <datafield tag="377" ind1=" " ind2=" ">
    <subfield code="a">rus</subfield>
    <subfield code="a">eng</subfield>
  </datafield>
  <datafield tag="400" ind1="1" ind2=" ">
    <subfield code="a">Šadurskì, Maksìm Ìvanavìč,</subfield>
    <subfield code="d">1980-</subfield>
    <subfield code="2">czebel</subfield>
    <subfield code="0">o</subfield>
  </datafield>
  <datafield tag="400" ind1="1" ind2=" ">
    <subfield code="a">Shadurski, Maxim,</subfield>
    <subfield code="d">1980-</subfield>
    <subfield code="2">czeeng</subfield>
    <subfield code="0">o</subfield>
  </datafield>
  <datafield tag="667" ind1=" " ind2=" ">
    <subfield code="a">Autor je patrně Bělorus, píšící rusky a anglicky.</subfield>
  </datafield>
  <datafield tag="670" ind1=" " ind2=" ">
    <subfield code="a">Shadurski, Maxim: The singularity and H.G. Wells's conception of the world brain. In: Brno studies in English. Vol. 46, 2020, No. 1, s. 229-241</subfield>
    <subfield code="b">odkaz viz</subfield>
  </datafield>
  <datafield tag="670" ind1=" " ind2=" ">
    <subfield code="a">NLR, cit. 24. 11. 2020</subfield>
    <subfield code="b">autoritní forma</subfield>
  </datafield>
  <datafield tag="670" ind1=" " ind2=" ">
    <subfield code="a">ISNI, cit. 24. 11. 2020</subfield>
    <subfield code="u">https://isni.org/page/search-database/</subfield>
    <subfield code="b">odkaz viz; biografické údaje; datum narození</subfield>
  </datafield>
  <datafield tag="670" ind1=" " ind2=" ">
    <subfield code="a">www(KooB.ru - Šadurskij, M. I. - Knigi onlajn), cit. 24. 11. 2020</subfield>
    <subfield code="b">profesní specializace</subfield>
    <subfield code="u">https://www.koob.ru/shadurski/</subfield>
  </datafield>
  <datafield tag="670" ind1=" " ind2=" ">
    <subfield code="a">www(Uniwersytet Przyrodniczo-Humanistyczny w Siedlcach - dr Maxim Shadurski), cit. 24. 11. 2020</subfield>
    <subfield code="b">odkaz viz; profesní specializace</subfield>
    <subfield code="u">https://ijil.uph.edu.pl/o-instytucie/pracownicy-ijil/193-ogolne/1500-dr-maxim-shadurski</subfield>
  </datafield>
  <datafield tag="675" ind1=" " ind2=" ">
    <subfield code="a">NLB, cit. 24. 11. 2020</subfield>
  </datafield>
  <datafield tag="678" ind1="0" ind2=" ">
    <subfield code="a">Literární vědec, anglista, zaměřený na utopickou literaturu a evropskou politiku.</subfield>
  </datafield>
  <datafield tag="906" ind1=" " ind2=" ">
    <subfield code="a">za20201124</subfield>
    <subfield code="b">kmonev</subfield>
  </datafield>
</record>