

<record>
  <leader>     nz  a22     n  4500</leader>
  <datafield tag="900" ind1=" " ind2=" ">
    <subfield code="a">J-NÁVRH</subfield>
  </datafield>
  <controlfield tag="001">xx0254411</controlfield>
  <controlfield tag="003">CZ PrNK</controlfield>
  <controlfield tag="005">20201124135045.3</controlfield>
  <controlfield tag="008">201124|n|aznnnaabn           n a|a      </controlfield>
  <datafield tag="024" ind1="7" ind2=" ">
    <subfield code="a">Q66643</subfield>
    <subfield code="2">wikidata</subfield>
  </datafield>
  <datafield tag="024" ind1="7" ind2=" ">
    <subfield code="a">0000000386803981</subfield>
    <subfield code="2">isni</subfield>
  </datafield>
  <datafield tag="040" ind1=" " ind2=" ">
    <subfield code="a">ABH306</subfield>
    <subfield code="b">cze</subfield>
    <subfield code="e">rda</subfield>
  </datafield>
  <datafield tag="100" ind1="0" ind2=" ">
    <subfield code="a">Altmann,</subfield>
    <subfield code="c">von Passau,</subfield>
    <subfield code="d">1015-1091</subfield>
    <subfield code="7">xx0254411</subfield>
  </datafield>
  <datafield tag="368" ind1=" " ind2=" ">
    <subfield code="s">1065</subfield>
    <subfield code="t">1085</subfield>
    <subfield code="d">biskup, Římskokatolická diecéze v Pasově</subfield>
  </datafield>
  <datafield tag="370" ind1=" " ind2=" ">
    <subfield code="a">Vestfálsko (Německo)</subfield>
    <subfield code="b">Zeiselmauer (Rakousko)</subfield>
    <subfield code="c">Německo</subfield>
    <subfield code="c">Rakousko</subfield>
    <subfield code="f">Pasov (Německo)</subfield>
  </datafield>
  <datafield tag="373" ind1=" " ind2=" ">
    <subfield code="a">Stift Göttweig (Steinaweg, Rakousko)</subfield>
    <subfield code="s">1083</subfield>
  </datafield>
  <datafield tag="374" ind1=" " ind2=" ">
    <subfield code="a">kněží</subfield>
  </datafield>
  <datafield tag="375" ind1=" " ind2=" ">
    <subfield code="a">muž</subfield>
  </datafield>
  <datafield tag="400" ind1="1" ind2=" ">
    <subfield code="a">Altmann,</subfield>
    <subfield code="c">Heiliger,</subfield>
    <subfield code="d">1015-1091</subfield>
    <subfield code="0">o</subfield>
  </datafield>
  <datafield tag="400" ind1="1" ind2=" ">
    <subfield code="a">Altmannus,</subfield>
    <subfield code="c">Pataviensis,</subfield>
    <subfield code="d">1015-1091</subfield>
    <subfield code="0">o</subfield>
  </datafield>
  <datafield tag="400" ind1="1" ind2=" ">
    <subfield code="a">Altmann,</subfield>
    <subfield code="c">der Bischof,</subfield>
    <subfield code="d">1015-1091</subfield>
    <subfield code="0">o</subfield>
  </datafield>
  <datafield tag="400" ind1="1" ind2=" ">
    <subfield code="a">Altmannus,</subfield>
    <subfield code="c">Sanctus,</subfield>
    <subfield code="d">1015-1091</subfield>
    <subfield code="0">o</subfield>
  </datafield>
  <datafield tag="400" ind1="1" ind2=" ">
    <subfield code="a">Altmannus,</subfield>
    <subfield code="c">Bishop,</subfield>
    <subfield code="d">1015-1091</subfield>
    <subfield code="0">o</subfield>
  </datafield>
  <datafield tag="400" ind1="1" ind2=" ">
    <subfield code="a">Altmannus,</subfield>
    <subfield code="c">de Passau,</subfield>
    <subfield code="d">1015-1091</subfield>
    <subfield code="0">o</subfield>
  </datafield>
  <datafield tag="400" ind1="1" ind2=" ">
    <subfield code="a">Altmann,</subfield>
    <subfield code="c">Passau, Bischof,</subfield>
    <subfield code="c">1015-1091</subfield>
    <subfield code="0">o</subfield>
    <subfield code="d">1015-1091</subfield>
  </datafield>
  <datafield tag="400" ind1="1" ind2=" ">
    <subfield code="a">Altmann,</subfield>
    <subfield code="c">z Pasova,</subfield>
    <subfield code="d">1015-1091</subfield>
    <subfield code="0">o</subfield>
  </datafield>
  <datafield tag="670" ind1=" " ind2=" ">
    <subfield code="a">Fischer, Udo Eduard: Altmann: Bischof von Passau und Gründer des Doppelstifts Göttweig, 2017</subfield>
  </datafield>
  <datafield tag="670" ind1=" " ind2=" ">
    <subfield code="a">DNB, cit. 24. 11 .2020</subfield>
    <subfield code="b">autoritní forma, místo narození a úmrtí, odkaz viz, pole 375, biografické údaje</subfield>
  </datafield>
  <datafield tag="670" ind1=" " ind2=" ">
    <subfield code="a">www(Wikipedie, otevřená encyklopedie), cit. 24. 11. 2020</subfield>
    <subfield code="b">pole 368, 373, biografické údaje</subfield>
    <subfield code="u">https://cs.wikipedia.org/wiki/Altman_z_Pasova</subfield>
  </datafield>
  <datafield tag="670" ind1=" " ind2=" ">
    <subfield code="a">www(WIKIDATA), cit. 24. 11. 2020</subfield>
    <subfield code="b">rok narození, úplné datum úmrtí</subfield>
  </datafield>
  <datafield tag="678" ind1=" " ind2=" ">
    <subfield code="a">Německý katolický kněz a biskup, představitel gregoriánských reforem, od roku 1065 biskup pasovské diecéze. Zakladatel kláštera a reformátor, který je uctíván jako svatý, ačkoli k žádné oficiální kanonizaci nedošlo. Narozen roku 1015 ve Vestfálsku, zemřel 8. 8. 1091 v Zieselmaueru.</subfield>
  </datafield>
  <datafield tag="906" ind1=" " ind2=" ">
    <subfield code="a">za20201124</subfield>
    <subfield code="b">xzdkr</subfield>
  </datafield>
</record>