

<record>
  <leader>     nz  a22     n  4500</leader>
  <datafield tag="900" ind1=" " ind2=" ">
    <subfield code="a">J-NÁVRH</subfield>
  </datafield>
  <controlfield tag="001">xx0254413</controlfield>
  <controlfield tag="003">CZ PrNK</controlfield>
  <controlfield tag="005">20201124135049.1</controlfield>
  <controlfield tag="008">201124|n|aznnnaabn           n a|a      </controlfield>
  <datafield tag="024" ind1="7" ind2=" ">
    <subfield code="a">Q55124292</subfield>
    <subfield code="2">wikidata</subfield>
  </datafield>
  <datafield tag="024" ind1="7" ind2=" ">
    <subfield code="a">0000000082701812</subfield>
    <subfield code="2">isni</subfield>
  </datafield>
  <datafield tag="040" ind1=" " ind2=" ">
    <subfield code="a">ABH306</subfield>
    <subfield code="b">cze</subfield>
    <subfield code="e">rda</subfield>
  </datafield>
  <datafield tag="100" ind1="1" ind2=" ">
    <subfield code="a">Flindt, Paul,</subfield>
    <subfield code="d">1567-asi 1632</subfield>
    <subfield code="7">xx0254413</subfield>
  </datafield>
  <datafield tag="370" ind1=" " ind2=" ">
    <subfield code="c">Rakousko</subfield>
    <subfield code="c">Německo</subfield>
    <subfield code="f">Norimberk (Německo)</subfield>
    <subfield code="f">Vídeň (Rakousko)</subfield>
  </datafield>
  <datafield tag="372" ind1=" " ind2=" ">
    <subfield code="a">umění</subfield>
  </datafield>
  <datafield tag="374" ind1=" " ind2=" ">
    <subfield code="a">mědirytci</subfield>
    <subfield code="a">zlatníci</subfield>
    <subfield code="a">medailéři</subfield>
  </datafield>
  <datafield tag="375" ind1=" " ind2=" ">
    <subfield code="a">muž</subfield>
  </datafield>
  <datafield tag="400" ind1="1" ind2=" ">
    <subfield code="a">Flindt, Paulus,</subfield>
    <subfield code="d">1567-asi 1632</subfield>
    <subfield code="0">o</subfield>
  </datafield>
  <datafield tag="400" ind1="1" ind2=" ">
    <subfield code="a">Flind, Paulus,</subfield>
    <subfield code="d">1567-asi 1632</subfield>
    <subfield code="0">o</subfield>
  </datafield>
  <datafield tag="400" ind1="1" ind2=" ">
    <subfield code="a">Flint, Paulus,</subfield>
    <subfield code="d">1567-asi 1632</subfield>
    <subfield code="0">o</subfield>
  </datafield>
  <datafield tag="400" ind1="1" ind2=" ">
    <subfield code="a">Flinten, Paulus,</subfield>
    <subfield code="d">1567-asi 1632</subfield>
    <subfield code="0">o</subfield>
  </datafield>
  <datafield tag="400" ind1="1" ind2=" ">
    <subfield code="a">Flynten, Paulus,</subfield>
    <subfield code="d">1567-asi 1632</subfield>
    <subfield code="0">o</subfield>
  </datafield>
  <datafield tag="400" ind1="1" ind2=" ">
    <subfield code="a">Vlindt, Paulus,</subfield>
    <subfield code="d">1567-asi 1632</subfield>
    <subfield code="0">o</subfield>
  </datafield>
  <datafield tag="667" ind1=" " ind2=" ">
    <subfield code="a">Zdroj DNB uvádí v záhlaví doplněk ve tvaru: (der Jüngere).</subfield>
  </datafield>
  <datafield tag="667" ind1=" " ind2=" ">
    <subfield code="a">Zdroj WIKIDATA uvádí rok úmrtí 1631.</subfield>
  </datafield>
  <datafield tag="670" ind1=" " ind2=" ">
    <subfield code="a">C.G. Boerner: Versteigerungskatalog 205, 1942</subfield>
  </datafield>
  <datafield tag="670" ind1=" " ind2=" ">
    <subfield code="a">DNB, cit. 29. 9. 2020</subfield>
    <subfield code="b">autoritní forma, rok narození, přibližný rok úmrtí, odkaz viz, související místo, pole 372, 374, národnost, biografické údaje</subfield>
  </datafield>
  <datafield tag="670" ind1=" " ind2=" ">
    <subfield code="a">www(WIKIDATA), cit. 24. 11. 2020</subfield>
    <subfield code="b">úplné datum narození, pole 667</subfield>
  </datafield>
  <datafield tag="678" ind1=" " ind2=" ">
    <subfield code="a">Německý grafik, mědirytec působící ve Vídni a Norimberku. Narozen 6. 10. 1567, zemřel asi 1632.</subfield>
  </datafield>
  <datafield tag="906" ind1=" " ind2=" ">
    <subfield code="a">za20201124</subfield>
    <subfield code="b">xzdkr</subfield>
  </datafield>
</record>