

<record>
  <leader>     nz  a22     n  4500</leader>
  <datafield tag="900" ind1=" " ind2=" ">
    <subfield code="a">J-NÁVRH</subfield>
  </datafield>
  <controlfield tag="001">xx0254418</controlfield>
  <controlfield tag="003">CZ PrNK</controlfield>
  <controlfield tag="005">20201124135058.2</controlfield>
  <controlfield tag="008">201124|n|aznnnaabn           n a|a      </controlfield>
  <datafield tag="024" ind1="7" ind2=" ">
    <subfield code="a">Q2077774</subfield>
    <subfield code="2">wikidata</subfield>
  </datafield>
  <datafield tag="040" ind1=" " ind2=" ">
    <subfield code="a">ABH306</subfield>
    <subfield code="b">cze</subfield>
    <subfield code="e">rda</subfield>
  </datafield>
  <datafield tag="100" ind1="1" ind2=" ">
    <subfield code="a">Rehder, Peter,</subfield>
    <subfield code="d">1843-1920</subfield>
    <subfield code="7">xx0254418</subfield>
  </datafield>
  <datafield tag="370" ind1=" " ind2=" ">
    <subfield code="a">Oster-Jork (Německo)</subfield>
    <subfield code="b">Lübeck (Německo)</subfield>
    <subfield code="c">Německo</subfield>
  </datafield>
  <datafield tag="372" ind1=" " ind2=" ">
    <subfield code="a">stavební inženýrství</subfield>
  </datafield>
  <datafield tag="374" ind1=" " ind2=" ">
    <subfield code="a">stavební inženýři</subfield>
  </datafield>
  <datafield tag="375" ind1=" " ind2=" ">
    <subfield code="a">muž</subfield>
  </datafield>
  <datafield tag="377" ind1=" " ind2=" ">
    <subfield code="a">ger</subfield>
  </datafield>
  <datafield tag="400" ind1="1" ind2=" ">
    <subfield code="a">Rehder, P.,</subfield>
    <subfield code="d">1843-1920</subfield>
    <subfield code="0">o</subfield>
  </datafield>
  <datafield tag="400" ind1="1" ind2=" ">
    <subfield code="a">Rehder, ...,</subfield>
    <subfield code="d">1843-1920</subfield>
    <subfield code="0">o</subfield>
  </datafield>
  <datafield tag="670" ind1=" " ind2=" ">
    <subfield code="a">Rehder, Peter: Die bauliche und wirtschaftliche Ausgestaltung und Nutzbarmachung der lübeckischen Hauptschiffahrts-Straßen unt. bes. Berücks. d. für Handel, Industrie und Verkehr ..., 1918</subfield>
  </datafield>
  <datafield tag="670" ind1=" " ind2=" ">
    <subfield code="a">DNB, cit. 24. 11. 2020</subfield>
    <subfield code="b">autoritní forma, rok narození a úmrtí, místo narození a úmrtí, odkaz viz, pole 372, 374, 375</subfield>
  </datafield>
  <datafield tag="670" ind1=" " ind2=" ">
    <subfield code="a">www(Wikipedia, Die freie Enzyklopädie), cit. 24. 11. 2020</subfield>
    <subfield code="b">úplná data narození a úmrtí, biografické údaje</subfield>
    <subfield code="u">https://de.wikipedia.org/wiki/Peter_Rehder_(Bauingenieur)</subfield>
  </datafield>
  <datafield tag="678" ind1=" " ind2=" ">
    <subfield code="a">Německý stavební inženýr a projektant průplavu v Lübecku. Narozen 28. 4. 1843 v Oster-Jork, zemřel 25. 4. 1920 v Lübecku.</subfield>
  </datafield>
  <datafield tag="906" ind1=" " ind2=" ">
    <subfield code="a">za20201124</subfield>
    <subfield code="b">xzdkr</subfield>
  </datafield>
</record>