

<record>
  <leader>     cz  a22     n  4500</leader>
  <controlfield tag="001">js20201094098</controlfield>
  <controlfield tag="003">CZ PrNK</controlfield>
  <controlfield tag="005">20201125063224.0</controlfield>
  <controlfield tag="008">201124|n|aznnnaabn           n a|a      </controlfield>
  <datafield tag="040" ind1=" " ind2=" ">
    <subfield code="a">ABA004</subfield>
    <subfield code="b">cze</subfield>
    <subfield code="d">ABA001</subfield>
    <subfield code="e">rda</subfield>
  </datafield>
  <datafield tag="046" ind1=" " ind2=" ">
    <subfield code="f">1963</subfield>
  </datafield>
  <datafield tag="100" ind1="1" ind2=" ">
    <subfield code="a">Burlaka, Dmitrij Kirillovič,</subfield>
    <subfield code="d">1963-</subfield>
    <subfield code="7">js20201094098</subfield>
  </datafield>
  <datafield tag="368" ind1=" " ind2=" ">
    <subfield code="d">doktor filosofskich nauk</subfield>
  </datafield>
  <datafield tag="370" ind1=" " ind2=" ">
    <subfield code="c">Rusko</subfield>
  </datafield>
  <datafield tag="372" ind1=" " ind2=" ">
    <subfield code="a">filozofie</subfield>
    <subfield code="a">religionistika</subfield>
    <subfield code="a">kulturologie</subfield>
  </datafield>
  <datafield tag="373" ind1=" " ind2=" ">
    <subfield code="a">Russkaja christianskaja gumanitarnaja akademija</subfield>
  </datafield>
  <datafield tag="374" ind1=" " ind2=" ">
    <subfield code="a">filozofové</subfield>
    <subfield code="a">religionisté</subfield>
    <subfield code="a">kulturologové</subfield>
    <subfield code="a">vysokoškolští učitelé</subfield>
    <subfield code="a">rektoři</subfield>
  </datafield>
  <datafield tag="375" ind1=" " ind2=" ">
    <subfield code="a">muž</subfield>
  </datafield>
  <datafield tag="377" ind1=" " ind2=" ">
    <subfield code="a">rus</subfield>
  </datafield>
  <datafield tag="500" ind1="1" ind2=" ">
    <subfield code="w">r</subfield>
    <subfield code="i">Pseudonym:</subfield>
    <subfield code="a">Bogatyrev, Dmitrij Kirillovič,</subfield>
    <subfield code="d">1963-</subfield>
    <subfield code="7">js20201094097</subfield>
  </datafield>
  <datafield tag="670" ind1=" " ind2=" ">
    <subfield code="a">RSL, cit. 24. 11. 2020</subfield>
    <subfield code="b">autoritní forma, odkaz viz též</subfield>
  </datafield>
  <datafield tag="670" ind1=" " ind2=" ">
    <subfield code="a">www(Russkaja christianskaja gumanitarnaja akademija - Burlaka, Dmitrij Kirillovič), cit. 24. 11. 2020</subfield>
    <subfield code="b">datum narození, biografické údaje</subfield>
    <subfield code="u">https://rhga.ru/about_us/rector/</subfield>
  </datafield>
  <datafield tag="670" ind1=" " ind2=" ">
    <subfield code="a">Burlaka, D. K. (ed.): N.S. Gumilev : pro et contra : ličnost' i tvorčestvo Nikolaja Gumileva v ocenke russkich myslitelej i issledovatelej : antologija. Sankt-Peterburg, 2000</subfield>
  </datafield>
  <datafield tag="678" ind1="0" ind2=" ">
    <subfield code="a">Ruský filozof, religionista a kulturolog, profesor a rektor Ruské křesťanské humanitní akademie.</subfield>
  </datafield>
  <datafield tag="906" ind1=" " ind2=" ">
    <subfield code="a">za20201124</subfield>
    <subfield code="b">tapo</subfield>
  </datafield>
  <datafield tag="906" ind1=" " ind2=" ">
    <subfield code="a">op20201125</subfield>
    <subfield code="b">tone</subfield>
    <subfield code="c">Viz též - formální oprava</subfield>
  </datafield>
</record>