

<record>
  <leader>     nz  a22     n  4500</leader>
  <controlfield tag="001">ge1094102</controlfield>
  <controlfield tag="003">CZ PrNK</controlfield>
  <controlfield tag="005">20201124141134.0</controlfield>
  <controlfield tag="008">201124|n|acznnaabn           n a|a      </controlfield>
  <datafield tag="034" ind1=" " ind2=" ">
    <subfield code="d">E011.7276</subfield>
    <subfield code="e">E011.7276</subfield>
    <subfield code="f">N049.4273</subfield>
    <subfield code="g">N049.4273</subfield>
  </datafield>
  <datafield tag="040" ind1=" " ind2=" ">
    <subfield code="a">ABA001</subfield>
    <subfield code="b">cze</subfield>
  </datafield>
  <datafield tag="043" ind1=" " ind2=" ">
    <subfield code="a">e-gx---</subfield>
  </datafield>
  <datafield tag="080" ind1=" " ind2=" ">
    <subfield code="a">(430.129)</subfield>
    <subfield code="2">MRF_2014</subfield>
  </datafield>
  <datafield tag="151" ind1=" " ind2=" ">
    <subfield code="a">Götzendorf (Illschwang, Německo)</subfield>
    <subfield code="7">ge1094102</subfield>
  </datafield>
  <datafield tag="551" ind1=" " ind2=" ">
    <subfield code="w">g</subfield>
    <subfield code="a">Illschwang (Německo)</subfield>
    <subfield code="7">ge1094101</subfield>
  </datafield>
  <datafield tag="670" ind1=" " ind2=" ">
    <subfield code="a">www(Wikipedia, die freie Enzyklopädie), cit. 24. 11. 2020</subfield>
  </datafield>
  <datafield tag="678" ind1=" " ind2=" ">
    <subfield code="a">Část obce Illschwang ve spolkové zemi Horní Falc v ktaji (Landkreis) Amberg-Sulzbach.</subfield>
  </datafield>
  <datafield tag="751" ind1="0" ind2="7">
    <subfield code="a">Götzendorf (Illschwang, Germany)</subfield>
    <subfield code="2">eczenas</subfield>
  </datafield>
  <datafield tag="856" ind1="4" ind2="2">
    <subfield code="u">https://de.wikipedia.org/wiki/Illschwang</subfield>
    <subfield code="4">N</subfield>
  </datafield>
  <datafield tag="GPS" ind1=" " ind2=" ">
    <subfield code="a">49°25'38.4"N</subfield>
    <subfield code="c">11°43'39.4"E</subfield>
  </datafield>
  <datafield tag="956" ind1="4" ind2=" ">
    <subfield code="u">http://aleph.nkp.cz/aleph-cgi/show_map?ll=49.42733,11.72761&amp;z=12</subfield>
    <subfield code="y">Zobrazit na mapě</subfield>
    <subfield code="4">N</subfield>
  </datafield>
  <datafield tag="906" ind1=" " ind2=" ">
    <subfield code="a">wp20201124</subfield>
    <subfield code="b">mase</subfield>
  </datafield>
  <datafield tag="950" ind1="1" ind2=" ">
    <subfield code="a">správní celek</subfield>
  </datafield>
</record>