

<record>
  <leader>     nz  a22     n  4500</leader>
  <datafield tag="900" ind1=" " ind2=" ">
    <subfield code="a">J-NÁVRH-STT</subfield>
  </datafield>
  <controlfield tag="001">ntk20201094111</controlfield>
  <controlfield tag="003">CZ PrNK</controlfield>
  <controlfield tag="005">20201124145729.0</controlfield>
  <controlfield tag="008">201124|n|aznnnaabn           n a|a      </controlfield>
  <datafield tag="024" ind1="7" ind2=" ">
    <subfield code="a">0000000374410072</subfield>
    <subfield code="2">isni</subfield>
  </datafield>
  <datafield tag="024" ind1="7" ind2=" ">
    <subfield code="a">Q94824911</subfield>
    <subfield code="2">wikidata</subfield>
  </datafield>
  <datafield tag="040" ind1=" " ind2=" ">
    <subfield code="a">ABA013</subfield>
    <subfield code="b">cze</subfield>
    <subfield code="e">rda</subfield>
  </datafield>
  <datafield tag="046" ind1=" " ind2=" ">
    <subfield code="f">1672</subfield>
    <subfield code="g">1743</subfield>
  </datafield>
  <datafield tag="100" ind1="1" ind2=" ">
    <subfield code="a">Seidel, Andreas,</subfield>
    <subfield code="d">1672-1743</subfield>
    <subfield code="7">ntk20201094111</subfield>
  </datafield>
  <datafield tag="368" ind1=" " ind2=" ">
    <subfield code="d">Dr.</subfield>
    <subfield code="s">1698</subfield>
  </datafield>
  <datafield tag="370" ind1=" " ind2=" ">
    <subfield code="a">Kulmbach, Německo</subfield>
    <subfield code="c">Německo</subfield>
    <subfield code="f">Illschwang, Německo</subfield>
    <subfield code="f">Götzendorf, Illschwang, Německo</subfield>
    <subfield code="f">Sulzbach-Rosenberg, Německo</subfield>
    <subfield code="f">Jena, Německo</subfield>
  </datafield>
  <datafield tag="372" ind1=" " ind2=" ">
    <subfield code="a">matematika</subfield>
    <subfield code="a">mechanika</subfield>
    <subfield code="a">hydraulika</subfield>
    <subfield code="a">teologie</subfield>
    <subfield code="a">poezie</subfield>
  </datafield>
  <datafield tag="373" ind1=" " ind2=" ">
    <subfield code="a">Universität Jena</subfield>
    <subfield code="s">1693</subfield>
    <subfield code="t">1698</subfield>
  </datafield>
  <datafield tag="374" ind1=" " ind2=" ">
    <subfield code="a">matematici</subfield>
    <subfield code="a">evangeličtí duchovní</subfield>
    <subfield code="a">pastoři</subfield>
    <subfield code="a">básníci</subfield>
    <subfield code="a">vysokoškolští studenti</subfield>
  </datafield>
  <datafield tag="375" ind1=" " ind2=" ">
    <subfield code="a">muž</subfield>
  </datafield>
  <datafield tag="377" ind1=" " ind2=" ">
    <subfield code="a">lat</subfield>
    <subfield code="a">ger</subfield>
  </datafield>
  <datafield tag="400" ind1="1" ind2=" ">
    <subfield code="a">Seidelius, Andreas,</subfield>
    <subfield code="d">1672-1743</subfield>
    <subfield code="0">o</subfield>
  </datafield>
  <datafield tag="667" ind1=" " ind2=" ">
    <subfield code="a">http://d-nb.info/gnd/117455008.</subfield>
  </datafield>
  <datafield tag="670" ind1=" " ind2=" ">
    <subfield code="a">Q. D. B. V. HADRAVLICAM, SVB PRÆSIDIO GEORGII ALBERTI HAMBERGERI ... ad d. VIII. Januar. M.DC.IIC. publicæ disquisitioni subjicit ANDREAS SEIDEL, CVLMBACO-FRANCVS. JENÆ: LITERIS GOLLNERIANIS, 1698</subfield>
    <subfield code="b">autoritní forma</subfield>
    <subfield code="u">http://nbn-resolving.de/urn:nbn:de:bsz:14-db-id2733560461</subfield>
  </datafield>
  <datafield tag="670" ind1=" " ind2=" ">
    <subfield code="a">DNB, cit. 24. 11. 2020</subfield>
    <subfield code="b">autoritní forma, odkaz viz, datum a místo narození, datum úmrtí, místa činnosti</subfield>
    <subfield code="u">http://d-nb.info/gnd/117455008</subfield>
  </datafield>
  <datafield tag="678" ind1="0" ind2=" ">
    <subfield code="a">Německý evangelický duchovní, farář a pastor. Získal doktorát na Jenské univerzitě (obhajoba disertace z oboru mechanika, matematika, 1696). V pramenech je zaznamenáno jeho působení faráře v Illschwangu a okolí v r. 1717. Působil také v Sulzbachu. Je autorem básní a matematického písma.</subfield>
  </datafield>
  <datafield tag="906" ind1=" " ind2=" ">
    <subfield code="a">za20201124</subfield>
    <subfield code="b">evbr</subfield>
  </datafield>
  <datafield tag="906" ind1=" " ind2=" ">
    <subfield code="a">ko20201124</subfield>
    <subfield code="b">evbr</subfield>
  </datafield>
</record>