

<record>
  <leader>     nz  a22     n  4500</leader>
  <datafield tag="900" ind1=" " ind2=" ">
    <subfield code="a">K-NÁVRH</subfield>
  </datafield>
  <controlfield tag="001">ko20201094113</controlfield>
  <controlfield tag="003">CZ PrNK</controlfield>
  <controlfield tag="005">20201124151452.0</controlfield>
  <controlfield tag="008">201124|n|aznnnaabn           n a|a      </controlfield>
  <datafield tag="040" ind1=" " ind2=" ">
    <subfield code="a">ABA001</subfield>
    <subfield code="b">cze</subfield>
    <subfield code="e">rda</subfield>
  </datafield>
  <datafield tag="110" ind1="2" ind2=" ">
    <subfield code="a">Katolická církev.</subfield>
    <subfield code="b">Kolegiátní kapitula sv. Václava (Mikulov, Česko)</subfield>
    <subfield code="7">ko20201094113</subfield>
  </datafield>
  <datafield tag="370" ind1=" " ind2=" ">
    <subfield code="c">Česko</subfield>
  </datafield>
  <datafield tag="410" ind1="2" ind2=" ">
    <subfield code="a">Katolická církev.</subfield>
    <subfield code="b">Kolegiátní kapitula při kostele sv. Václava v Mikulově</subfield>
    <subfield code="0">o</subfield>
  </datafield>
  <datafield tag="410" ind1="2" ind2=" ">
    <subfield code="a">Katolická církev.</subfield>
    <subfield code="b">Význačná kolegiátní kapitula u sv. Václava v Mikulově</subfield>
    <subfield code="0">o</subfield>
  </datafield>
  <datafield tag="670" ind1=" " ind2=" ">
    <subfield code="a">LARISCH, Jan. Mons. ThDr. Franz Linke: katecheta, pastoralista, politik, probošt Význačné kapituly u kostela sv. Václava v Mikulově. Ostrava: Biskupství ostravsko-opavské, 2020. 56 stran, 4 nečíslované strany obrazových příloh. Osobnosti ostravsko-opavské diecéze. ISBN 978-80-907170-3-9.</subfield>
  </datafield>
  <datafield tag="670" ind1=" " ind2=" ">
    <subfield code="a">www(wikipedie, otevřená encyklopedie)</subfield>
  </datafield>
  <datafield tag="670" ind1=" " ind2=" ">
    <subfield code="a">www(biskupstvi.cz)</subfield>
  </datafield>
  <datafield tag="678" ind1=" " ind2=" ">
    <subfield code="a">Význačná kolegiátní kapitula u sv. Václava v Mikulově byla založena Františkem kardinálem Dietrichsteinem v roce 1625.</subfield>
  </datafield>
  <datafield tag="856" ind1="4" ind2="2">
    <subfield code="u">https://cs.wikipedia.org/wiki/Význačná_kolegiátní_kapitula_u_sv._Václava_v_Mikulově</subfield>
    <subfield code="4">N</subfield>
  </datafield>
  <datafield tag="856" ind1="4" ind2="2">
    <subfield code="u">https://www.biskupstvi.cz/kapituly</subfield>
    <subfield code="4">N</subfield>
  </datafield>
  <datafield tag="906" ind1=" " ind2=" ">
    <subfield code="a">za20201124</subfield>
    <subfield code="b">stkv</subfield>
  </datafield>
</record>