

<record>
  <leader>     cz  a22     n  4500</leader>
  <controlfield tag="001">js20201094114</controlfield>
  <controlfield tag="003">CZ PrNK</controlfield>
  <controlfield tag="005">20201125070011.0</controlfield>
  <controlfield tag="008">201124|n|aznnnaabn           n a|a      </controlfield>
  <datafield tag="040" ind1=" " ind2=" ">
    <subfield code="a">ABA004</subfield>
    <subfield code="b">cze</subfield>
    <subfield code="d">ABA001</subfield>
    <subfield code="e">rda</subfield>
  </datafield>
  <datafield tag="046" ind1=" " ind2=" ">
    <subfield code="f">1873</subfield>
    <subfield code="g">1928</subfield>
  </datafield>
  <datafield tag="100" ind1="1" ind2=" ">
    <subfield code="a">Rjadovoj,</subfield>
    <subfield code="d">1873-1928</subfield>
    <subfield code="7">js20201094114</subfield>
  </datafield>
  <datafield tag="370" ind1=" " ind2=" ">
    <subfield code="c">Rusko</subfield>
  </datafield>
  <datafield tag="372" ind1=" " ind2=" ">
    <subfield code="a">politická činnost</subfield>
    <subfield code="a">filozofie</subfield>
    <subfield code="a">ekonomie</subfield>
    <subfield code="a">lékařství</subfield>
    <subfield code="a">literární tvorba</subfield>
  </datafield>
  <datafield tag="374" ind1=" " ind2=" ">
    <subfield code="a">revolucionáři</subfield>
    <subfield code="a">politici</subfield>
    <subfield code="a">lékaři</subfield>
    <subfield code="a">filozofové</subfield>
    <subfield code="a">ekonomové</subfield>
    <subfield code="a">spisovatelé</subfield>
  </datafield>
  <datafield tag="375" ind1=" " ind2=" ">
    <subfield code="a">muž</subfield>
  </datafield>
  <datafield tag="377" ind1=" " ind2=" ">
    <subfield code="a">rus</subfield>
  </datafield>
  <datafield tag="400" ind1="1" ind2=" ">
    <subfield code="w">r</subfield>
    <subfield code="i">Skutečné jméno:</subfield>
    <subfield code="a">Malinovskij, Aleksandr Aleksandrovič,</subfield>
    <subfield code="d">1873-1928</subfield>
    <subfield code="7">js20201094114</subfield>
    <subfield code="0">o</subfield>
  </datafield>
  <datafield tag="500" ind1="1" ind2=" ">
    <subfield code="w">r</subfield>
    <subfield code="i">Pseudonym:</subfield>
    <subfield code="a">Bogdanov, Aleksandr Aleksandrovič,</subfield>
    <subfield code="d">1873-1928</subfield>
    <subfield code="7">jn19990210120</subfield>
  </datafield>
  <datafield tag="670" ind1=" " ind2=" ">
    <subfield code="a">Rjadovoj: Iz-za čego vojna i čemu ona učit?. Ženeva, 1904</subfield>
  </datafield>
  <datafield tag="670" ind1=" " ind2=" ">
    <subfield code="a">www(Vikipedija, svobodnaja ènciklopedija - Bogdanov, Aleksandr Aleksandrovič), cit. 24. 11. 2020</subfield>
    <subfield code="b">biografické údaje</subfield>
    <subfield code="u">https://ru.wikipedia.org/wiki/Богданов,_Александр_Александрович</subfield>
  </datafield>
  <datafield tag="670" ind1=" " ind2=" ">
    <subfield code="a">RSL, cit. 24. 11. 2020</subfield>
    <subfield code="b">autoritní forma, datum narození a úmrtí, odkaz viz, viz též, biografické údaje</subfield>
  </datafield>
  <datafield tag="678" ind1="0" ind2=" ">
    <subfield code="a">Ruský revolucionář, filozof, lékař, ekonom a spisovatel.</subfield>
  </datafield>
  <datafield tag="906" ind1=" " ind2=" ">
    <subfield code="a">za20201124</subfield>
    <subfield code="b">tapo</subfield>
  </datafield>
  <datafield tag="906" ind1=" " ind2=" ">
    <subfield code="a">op20201125</subfield>
    <subfield code="b">tone</subfield>
    <subfield code="c">Viz - nově, Viz též - formální oprava</subfield>
  </datafield>
</record>