

<record>
  <leader>     nz  a22     n  4500</leader>
  <controlfield tag="001">aun20201094124</controlfield>
  <controlfield tag="003">CZ PrNK</controlfield>
  <controlfield tag="005">20201124171240.0</controlfield>
  <controlfield tag="008">201124|n|aznnnaabn           n a|a      </controlfield>
  <datafield tag="040" ind1=" " ind2=" ">
    <subfield code="a">ABA001</subfield>
    <subfield code="b">cze</subfield>
    <subfield code="e">rda</subfield>
  </datafield>
  <datafield tag="100" ind1="1" ind2=" ">
    <subfield code="a">Neruda, Jan,</subfield>
    <subfield code="d">1834-1891.</subfield>
    <subfield code="t">Povídky malostranské.</subfield>
    <subfield code="l">Arabsky</subfield>
    <subfield code="7">aun20201094124</subfield>
  </datafield>
  <datafield tag="400" ind1="1" ind2=" ">
    <subfield code="a">Neruda, Jan,</subfield>
    <subfield code="d">1834-1891.</subfield>
    <subfield code="t">Ḥikājāt min Brāġ</subfield>
    <subfield code="0">o</subfield>
  </datafield>
  <datafield tag="670" ind1=" " ind2=" ">
    <subfield code="a">Lexikon české literatury 3/I, M-O. Praha, Academia 2000</subfield>
  </datafield>
  <datafield tag="670" ind1=" " ind2=" ">
    <subfield code="a">NKC, cit. 24. 11. 2020</subfield>
  </datafield>
  <datafield tag="670" ind1=" " ind2=" ">
    <subfield code="a">Jān Nīrūdā: Ḥikājāt min Brāġ. al-Qāhiraẗ : Maṣr al-ʿarabījaẗ, 2019.</subfield>
  </datafield>
  <datafield tag="906" ind1=" " ind2=" ">
    <subfield code="a">br20201124</subfield>
    <subfield code="b">blau</subfield>
  </datafield>
  <datafield tag="906" ind1=" " ind2=" ">
    <subfield code="a">ks20201124</subfield>
    <subfield code="b">blau</subfield>
  </datafield>
</record>