

<record>
  <leader>     nz  a22     n  4500</leader>
  <controlfield tag="001">jo20201094126</controlfield>
  <controlfield tag="003">CZ PrNK</controlfield>
  <controlfield tag="005">20201124173736.0</controlfield>
  <controlfield tag="008">201124|n|aznnnaabn           n a|a      </controlfield>
  <datafield tag="024" ind1="7" ind2=" ">
    <subfield code="a">000000007690818X</subfield>
    <subfield code="2">isni</subfield>
  </datafield>
  <datafield tag="040" ind1=" " ind2=" ">
    <subfield code="a">ABA001</subfield>
    <subfield code="b">cze</subfield>
    <subfield code="e">rda</subfield>
  </datafield>
  <datafield tag="046" ind1=" " ind2=" ">
    <subfield code="f">1961</subfield>
  </datafield>
  <datafield tag="100" ind1="1" ind2=" ">
    <subfield code="a">Boll, Monika,</subfield>
    <subfield code="d">1961-</subfield>
    <subfield code="7">jo20201094126</subfield>
  </datafield>
  <datafield tag="370" ind1=" " ind2=" ">
    <subfield code="c">Německo</subfield>
  </datafield>
  <datafield tag="372" ind1=" " ind2=" ">
    <subfield code="a">publicistika</subfield>
    <subfield code="a">filozofie</subfield>
    <subfield code="a">kurátorství výstav</subfield>
  </datafield>
  <datafield tag="374" ind1=" " ind2=" ">
    <subfield code="a">publicistky</subfield>
    <subfield code="a">filozofky</subfield>
    <subfield code="a">kurátorky výstav</subfield>
  </datafield>
  <datafield tag="375" ind1=" " ind2=" ">
    <subfield code="a">žena</subfield>
  </datafield>
  <datafield tag="377" ind1=" " ind2=" ">
    <subfield code="a">ger</subfield>
  </datafield>
  <datafield tag="670" ind1=" " ind2=" ">
    <subfield code="a">www(Amazon - Die Frankfurter Schule und Frankfurt: Eine Rückkehr nach Deutschland), cit. 24. 11. 2020</subfield>
    <subfield code="b">biografické údaje</subfield>
  </datafield>
  <datafield tag="670" ind1=" " ind2=" ">
    <subfield code="a">Hannah Arendt und das 20. Jahrhundert; Dorlis Blume, Monika Boll, Raphael Gross (Hg.), 2020</subfield>
    <subfield code="b">biografické údaje</subfield>
  </datafield>
  <datafield tag="670" ind1=" " ind2=" ">
    <subfield code="a">DNB, cit. 24. 11. 2020</subfield>
    <subfield code="b">autoritní forma, rok narození, biografické údaje</subfield>
  </datafield>
  <datafield tag="678" ind1="0" ind2=" ">
    <subfield code="a">Německá publicistka, filozofka a kurátorka.</subfield>
  </datafield>
  <datafield tag="906" ind1=" " ind2=" ">
    <subfield code="a">br20201124</subfield>
    <subfield code="b">maku</subfield>
  </datafield>
</record>