

<record>
  <leader>     nz  a22     n  4500</leader>
  <controlfield tag="001">jo20201094129</controlfield>
  <controlfield tag="003">CZ PrNK</controlfield>
  <controlfield tag="005">20201125082410.0</controlfield>
  <controlfield tag="008">201124|n|aznnnaabn           n a|a      </controlfield>
  <datafield tag="024" ind1="7" ind2=" ">
    <subfield code="a">0000-0002-8632-5855</subfield>
    <subfield code="2">orcid</subfield>
  </datafield>
  <datafield tag="024" ind1="7" ind2=" ">
    <subfield code="a">0000000426607978</subfield>
    <subfield code="2">isni</subfield>
  </datafield>
  <datafield tag="040" ind1=" " ind2=" ">
    <subfield code="a">ABA001</subfield>
    <subfield code="b">cze</subfield>
    <subfield code="e">rda</subfield>
  </datafield>
  <datafield tag="046" ind1=" " ind2=" ">
    <subfield code="f">1975</subfield>
  </datafield>
  <datafield tag="100" ind1="1" ind2=" ">
    <subfield code="a">Kiss, Farkas Gábor,</subfield>
    <subfield code="d">1975-</subfield>
    <subfield code="7">jo20201094129</subfield>
  </datafield>
  <datafield tag="370" ind1=" " ind2=" ">
    <subfield code="c">Maďarsko</subfield>
  </datafield>
  <datafield tag="372" ind1=" " ind2=" ">
    <subfield code="a">literární historie</subfield>
    <subfield code="a">klasická filologie</subfield>
    <subfield code="a">latinská středověká literatura</subfield>
    <subfield code="a">maďarská literatura</subfield>
    <subfield code="a">medievalistika</subfield>
    <subfield code="a">středověká latina</subfield>
  </datafield>
  <datafield tag="374" ind1=" " ind2=" ">
    <subfield code="a">literární historici</subfield>
    <subfield code="a">medievalisté</subfield>
    <subfield code="a">klasičtí filologové</subfield>
    <subfield code="a">hungaristé</subfield>
  </datafield>
  <datafield tag="375" ind1=" " ind2=" ">
    <subfield code="a">muž</subfield>
  </datafield>
  <datafield tag="377" ind1=" " ind2=" ">
    <subfield code="a">fre</subfield>
    <subfield code="a">hun</subfield>
    <subfield code="a">eng</subfield>
  </datafield>
  <datafield tag="400" ind1="1" ind2=" ">
    <subfield code="a">Farkas, Gábor Kiss,</subfield>
    <subfield code="d">1975-</subfield>
    <subfield code="0">o</subfield>
  </datafield>
  <datafield tag="670" ind1=" " ind2=" ">
    <subfield code="a">www(Institute of Hungarian Literature and Cultural Studies), cit. 24. 11. 2020</subfield>
    <subfield code="b">biografické údaje, rok narození</subfield>
  </datafield>
  <datafield tag="670" ind1=" " ind2=" ">
    <subfield code="a">OSZK, cit. 24. 11. 2020</subfield>
    <subfield code="b">autoritní forma, rok narození, viz</subfield>
  </datafield>
  <datafield tag="670" ind1=" " ind2=" ">
    <subfield code="a">Humanistes du bassin des Carpates. II, Johannes Sambucus; par Gábor Almási et Farkas Gábor Kiss, 2014</subfield>
  </datafield>
  <datafield tag="670" ind1=" " ind2=" ">
    <subfield code="a">www(Ludwig Boltzmann Institute Neo-Latin Studies), cit. 24. 11. 2020</subfield>
    <subfield code="b">biografické údaje</subfield>
  </datafield>
  <datafield tag="678" ind1="0" ind2=" ">
    <subfield code="a">Maďarský literární historik, medievalista, klasický filolog, specializace na dějiny latinské literatury ve střední a východní Evropě v 15. a 16. století.</subfield>
  </datafield>
  <datafield tag="906" ind1=" " ind2=" ">
    <subfield code="a">br20201124</subfield>
    <subfield code="b">maku</subfield>
  </datafield>
</record>