

<record>
  <leader>     nz  a22     n  4500</leader>
  <datafield tag="900" ind1=" " ind2=" ">
    <subfield code="a">K-NÁVRH</subfield>
  </datafield>
  <controlfield tag="001">ntk20201094132</controlfield>
  <controlfield tag="003">CZ PrNK</controlfield>
  <controlfield tag="005">20201125095435.0</controlfield>
  <controlfield tag="008">201124|n|aznnnaabn           n a|a      </controlfield>
  <datafield tag="024" ind1="7" ind2=" ">
    <subfield code="a">0000000110341173</subfield>
    <subfield code="2">isni</subfield>
  </datafield>
  <datafield tag="040" ind1=" " ind2=" ">
    <subfield code="a">ABA013</subfield>
    <subfield code="b">cze</subfield>
    <subfield code="e">rda</subfield>
  </datafield>
  <datafield tag="110" ind1="2" ind2=" ">
    <subfield code="a">Michael Wendt Schriften</subfield>
    <subfield code="7">ntk20201094132</subfield>
  </datafield>
  <datafield tag="368" ind1=" " ind2=" ">
    <subfield code="a">tiskárny</subfield>
    <subfield code="s">firmy</subfield>
  </datafield>
  <datafield tag="370" ind1=" " ind2=" ">
    <subfield code="c">Německo</subfield>
    <subfield code="e">Lutherstadt Wittenberg, Německo</subfield>
    <subfield code="s">1667</subfield>
    <subfield code="t">1673</subfield>
  </datafield>
  <datafield tag="372" ind1=" " ind2=" ">
    <subfield code="a">knihtisk</subfield>
    <subfield code="a">typografie</subfield>
    <subfield code="a">knižní produkce</subfield>
    <subfield code="a">knižní kultura</subfield>
  </datafield>
  <datafield tag="377" ind1=" " ind2=" ">
    <subfield code="a">lat</subfield>
  </datafield>
  <datafield tag="410" ind1="2" ind2=" ">
    <subfield code="a">Literis Wendianis</subfield>
    <subfield code="2">czelat</subfield>
    <subfield code="0">o</subfield>
  </datafield>
  <datafield tag="410" ind1="2" ind2=" ">
    <subfield code="a">Formis Wendianis</subfield>
    <subfield code="2">czelat</subfield>
    <subfield code="0">o</subfield>
  </datafield>
  <datafield tag="410" ind1="2" ind2=" ">
    <subfield code="a">Stannum Wendianum</subfield>
    <subfield code="2">czelat</subfield>
    <subfield code="0">o</subfield>
  </datafield>
  <datafield tag="410" ind1="2" ind2=" ">
    <subfield code="a">Typis Michaelis Wendt</subfield>
    <subfield code="2">czelat</subfield>
    <subfield code="0">o</subfield>
  </datafield>
  <datafield tag="410" ind1="2" ind2=" ">
    <subfield code="a">Praelo Wendiano (firma : Lutherstadt Wittenberg, Německo)</subfield>
    <subfield code="2">czelat</subfield>
    <subfield code="0">o</subfield>
  </datafield>
  <datafield tag="410" ind1="2" ind2=" ">
    <subfield code="a">Wendianis (firma : Lutherstadt Wittenberg, Německo)</subfield>
    <subfield code="2">czelat</subfield>
    <subfield code="0">o</subfield>
  </datafield>
  <datafield tag="410" ind1="2" ind2=" ">
    <subfield code="a">Wendt (firma : Lutherstadt Wittenberg, Německo)</subfield>
    <subfield code="0">o</subfield>
  </datafield>
  <datafield tag="410" ind1="2" ind2=" ">
    <subfield code="a">Wendt Michael (firma : Lutherstadt Wittenberg, Německo)</subfield>
    <subfield code="0">o</subfield>
  </datafield>
  <datafield tag="410" ind1="2" ind2=" ">
    <subfield code="a">Oficina Typographica Michaelis Wendt</subfield>
    <subfield code="2">czelat</subfield>
    <subfield code="0">o</subfield>
  </datafield>
  <datafield tag="500" ind1="1" ind2=" ">
    <subfield code="a">Wendt, Michael,</subfield>
    <subfield code="d">činný 1628-1669</subfield>
    <subfield code="7">jo2016931474</subfield>
  </datafield>
  <datafield tag="665" ind1=" " ind2=" ">
    <subfield code="a">Majitel firmy: Wendt, Michael (činný 1628-1669)</subfield>
  </datafield>
  <datafield tag="667" ind1=" " ind2=" ">
    <subfield code="a">http://d-nb.info/gnd/1059222302.</subfield>
  </datafield>
  <datafield tag="670" ind1=" " ind2=" ">
    <subfield code="a">De COMPUTO GREGORIANO, seu Stylo Novo, DISSERTATIO Quam Sub PRÆSIDIO VIRI ... DN. ÆEGIDII STRAUCHII, ... submittit M. WILHELMUS FRESEN, Lünæburg. Die XII. Maij, in Audit. Maiori. WITTEBERGÆ: Typis Michaelis Wendt, 1660</subfield>
    <subfield code="b">odkaz viz</subfield>
    <subfield code="u">http://resolver.staatsbibliothek-berlin.de/SBB00009DB400000000</subfield>
  </datafield>
  <datafield tag="670" ind1=" " ind2=" ">
    <subfield code="a">DNB, cit. 24. 11. 2020</subfield>
    <subfield code="b">autoritní forma, odkazy viz, odkaz viz též, data a místo činnosti, údaje o firmě</subfield>
    <subfield code="u">http://d-nb.info/gnd/1059222302</subfield>
  </datafield>
  <datafield tag="670" ind1=" " ind2=" ">
    <subfield code="a">www(ISNI 000000011034117), cit. 24. 11. 2020</subfield>
    <subfield code="b">odkazy viz</subfield>
  </datafield>
  <datafield tag="675" ind1=" " ind2=" ">
    <subfield code="a">LC (Names), cit. 24. 11. 2020</subfield>
  </datafield>
  <datafield tag="678" ind1=" " ind2=" ">
    <subfield code="a">Německá tiskařská firma, činná v letech 1667-1673 v sasko-anhaltském Wittenbergu (dnes Lutherstadt Wittenberg). Zakladatelem a provozovatelem firmy byl tiskař Michael Wendt (činný přibližně v letech 1628-1669). Firma spolupracovala s tiskařem Danielem Schmatzem (1629-1673), který se v r. 1658 oženil s Elisabeth Wendtovou, dcerou Michaela Wendta. Po úmrtí zakladatele firmy a také D. Schmatze se vdova v r. 1674 znovu provdala za tiskaře Christiana Schroedtera (1640-1723), tiskárny rodiny se tak pravděpodobně jako dědictví staly součástí firmy „Officina Christiani Schrödteri“ (1674-1727).</subfield>
  </datafield>
  <datafield tag="906" ind1=" " ind2=" ">
    <subfield code="a">za20201124</subfield>
    <subfield code="b">evbr</subfield>
  </datafield>
  <datafield tag="906" ind1=" " ind2=" ">
    <subfield code="a">ko20201124</subfield>
    <subfield code="b">evbr</subfield>
  </datafield>
</record>