

<record>
  <leader>     nz  a22     n  4500</leader>
  <controlfield tag="001">mub20201094134</controlfield>
  <controlfield tag="003">CZ PrNK</controlfield>
  <controlfield tag="005">20201127134412.0</controlfield>
  <controlfield tag="008">201124|n|aznnnaabn           n a|a      </controlfield>
  <datafield tag="040" ind1=" " ind2=" ">
    <subfield code="a">BOD010</subfield>
    <subfield code="b">cze</subfield>
    <subfield code="d">ABA001</subfield>
    <subfield code="e">rda</subfield>
  </datafield>
  <datafield tag="100" ind1="1" ind2=" ">
    <subfield code="a">Maraszek, Regine</subfield>
    <subfield code="7">mub20201094134</subfield>
  </datafield>
  <datafield tag="370" ind1=" " ind2=" ">
    <subfield code="c">Německo</subfield>
  </datafield>
  <datafield tag="372" ind1=" " ind2=" ">
    <subfield code="a">archeologie</subfield>
    <subfield code="a">archeologické sbírky</subfield>
    <subfield code="a">kurátorství sbírek</subfield>
    <subfield code="a">dějiny</subfield>
    <subfield code="a">doba bronzová</subfield>
  </datafield>
  <datafield tag="374" ind1=" " ind2=" ">
    <subfield code="a">archeoložky</subfield>
    <subfield code="a">historičky</subfield>
    <subfield code="a">kurátorky sbírek</subfield>
    <subfield code="a">lektorky (vzdělávání)</subfield>
  </datafield>
  <datafield tag="375" ind1=" " ind2=" ">
    <subfield code="a">žena</subfield>
  </datafield>
  <datafield tag="377" ind1=" " ind2=" ">
    <subfield code="a">ger</subfield>
  </datafield>
  <datafield tag="670" ind1=" " ind2=" ">
    <subfield code="a">Maraszek, Regine: Spätbronzezeitliche Hortfundlandschaften in atlantischer und nordischer Metalltradition, 2006</subfield>
  </datafield>
  <datafield tag="670" ind1=" " ind2=" ">
    <subfield code="a">DNB, cit. 24. 11. 2020</subfield>
    <subfield code="b">autoritní forma, biografické údaje</subfield>
  </datafield>
  <datafield tag="678" ind1="0" ind2=" ">
    <subfield code="a">Německá archeoložka a kurátorka sbírek v Landesmuseum für Vorgeschichte (Halle (Saale)), lektorka na Univerzitě Martina Luthera, Halle-Wittenberg, specialistka na dobu bronzovou.</subfield>
  </datafield>
  <datafield tag="906" ind1=" " ind2=" ">
    <subfield code="a">za20201124</subfield>
    <subfield code="b">smutnax</subfield>
  </datafield>
  <datafield tag="906" ind1=" " ind2=" ">
    <subfield code="a">ko20201125</subfield>
    <subfield code="b">pospel</subfield>
    <subfield code="c">372, 374 - doplnění</subfield>
  </datafield>
  <datafield tag="906" ind1=" " ind2=" ">
    <subfield code="a">vr20201127</subfield>
    <subfield code="b">maku</subfield>
  </datafield>
</record>