

<record>
  <leader>     nz  a22     n  4500</leader>
  <controlfield tag="001">xx0254435</controlfield>
  <controlfield tag="003">CZ PrNK</controlfield>
  <controlfield tag="005">20201126140319.0</controlfield>
  <controlfield tag="008">201124|n|aznnnaabn           n a|a      </controlfield>
  <datafield tag="024" ind1="7" ind2=" ">
    <subfield code="a">Q1259037</subfield>
    <subfield code="2">wikidata</subfield>
  </datafield>
  <datafield tag="024" ind1="7" ind2=" ">
    <subfield code="a">0000000082107987</subfield>
    <subfield code="2">isni</subfield>
  </datafield>
  <datafield tag="040" ind1=" " ind2=" ">
    <subfield code="a">OLD012</subfield>
    <subfield code="b">cze</subfield>
    <subfield code="d">ABA001</subfield>
    <subfield code="e">rda</subfield>
  </datafield>
  <datafield tag="046" ind1=" " ind2=" ">
    <subfield code="f">1489</subfield>
    <subfield code="g">1538</subfield>
  </datafield>
  <datafield tag="100" ind1="1" ind2=" ">
    <subfield code="a">Franck, Fabian,</subfield>
    <subfield code="d">1489-1538</subfield>
    <subfield code="7">xx0254435</subfield>
  </datafield>
  <datafield tag="370" ind1=" " ind2=" ">
    <subfield code="c">Německo</subfield>
  </datafield>
  <datafield tag="372" ind1=" " ind2=" ">
    <subfield code="a">mluvnice</subfield>
  </datafield>
  <datafield tag="374" ind1=" " ind2=" ">
    <subfield code="a">gramatici</subfield>
  </datafield>
  <datafield tag="375" ind1=" " ind2=" ">
    <subfield code="a">muž</subfield>
  </datafield>
  <datafield tag="377" ind1=" " ind2=" ">
    <subfield code="a">ger</subfield>
  </datafield>
  <datafield tag="400" ind1="1" ind2=" ">
    <subfield code="a">Frangk, Fabian,</subfield>
    <subfield code="d">1489-1538</subfield>
    <subfield code="0">o</subfield>
  </datafield>
  <datafield tag="400" ind1="1" ind2=" ">
    <subfield code="a">Frank, Fabian,</subfield>
    <subfield code="d">1489-1538</subfield>
    <subfield code="0">o</subfield>
  </datafield>
  <datafield tag="400" ind1="1" ind2=" ">
    <subfield code="a">Frangke, Fabian,</subfield>
    <subfield code="d">1489-1538</subfield>
    <subfield code="0">o</subfield>
  </datafield>
  <datafield tag="400" ind1="1" ind2=" ">
    <subfield code="a">Franngk, Fabian,</subfield>
    <subfield code="d">1489-1538</subfield>
    <subfield code="0">o</subfield>
  </datafield>
  <datafield tag="670" ind1=" " ind2=" ">
    <subfield code="a">Götz, Ursula: Die Anfänge der Grammatikschreibung des Deutschen in Formularbüchern des frühen 16. Jahrhunderts: Fabian Frangk - Schryfftspiegel - Johann Elias Meichßner, 1992</subfield>
  </datafield>
  <datafield tag="670" ind1=" " ind2=" ">
    <subfield code="a">DNB, cit. 20. 11. 2020</subfield>
    <subfield code="b">autoritní forma, data, odkazy viz, biografické údaje</subfield>
  </datafield>
  <datafield tag="670" ind1=" " ind2=" ">
    <subfield code="a">www(Wikipedia, die freie Enzyklopädie), cit. 20. 11. 2020</subfield>
    <subfield code="b">biografické údaje</subfield>
    <subfield code="u">https://de.wikipedia.org/wiki/Fabian_Frangk</subfield>
  </datafield>
  <datafield tag="678" ind1="0" ind2=" ">
    <subfield code="a">Německý gramatik.</subfield>
  </datafield>
  <datafield tag="906" ind1=" " ind2=" ">
    <subfield code="a">za20201124</subfield>
    <subfield code="b">xletr</subfield>
  </datafield>
  <datafield tag="906" ind1=" " ind2=" ">
    <subfield code="a">fr20201126</subfield>
    <subfield code="b">beba</subfield>
  </datafield>
</record>