

<record>
  <leader>     cz  a22     n  4500</leader>
  <controlfield tag="001">xx0254438</controlfield>
  <controlfield tag="003">CZ PrNK</controlfield>
  <controlfield tag="005">20201126170917.0</controlfield>
  <controlfield tag="008">201124|n|aznnnaabn           n a|a      </controlfield>
  <datafield tag="024" ind1="7" ind2=" ">
    <subfield code="a">0000000032582958</subfield>
    <subfield code="2">isni</subfield>
  </datafield>
  <datafield tag="024" ind1="7" ind2=" ">
    <subfield code="a">Q41794637</subfield>
    <subfield code="2">wikidata</subfield>
  </datafield>
  <datafield tag="040" ind1=" " ind2=" ">
    <subfield code="a">OLD012</subfield>
    <subfield code="b">cze</subfield>
    <subfield code="d">ABA001</subfield>
    <subfield code="e">rda</subfield>
  </datafield>
  <datafield tag="046" ind1=" " ind2=" ">
    <subfield code="f">1962</subfield>
  </datafield>
  <datafield tag="100" ind1="1" ind2=" ">
    <subfield code="a">Buggeln, Gretchen Townsend,</subfield>
    <subfield code="d">1962-</subfield>
    <subfield code="7">xx0254438</subfield>
  </datafield>
  <datafield tag="368" ind1=" " ind2=" ">
    <subfield code="d">Ph.D., Yale University (American studies)</subfield>
    <subfield code="d">M.A., University of Delaware (Early American Culture)</subfield>
    <subfield code="d">B.A., Dartmouth College (History)</subfield>
  </datafield>
  <datafield tag="370" ind1=" " ind2=" ">
    <subfield code="c">Spojené státy americké</subfield>
  </datafield>
  <datafield tag="372" ind1=" " ind2=" ">
    <subfield code="a">amerikanistika</subfield>
    <subfield code="a">dějiny umění</subfield>
    <subfield code="a">kulturní dějiny</subfield>
    <subfield code="a">sociální dějiny</subfield>
    <subfield code="a">dějiny náboženství</subfield>
    <subfield code="a">umění a náboženství</subfield>
    <subfield code="a">církevní umění</subfield>
    <subfield code="a">církevní architektura</subfield>
    <subfield code="a">lidová architektura</subfield>
    <subfield code="a">muzejnictví</subfield>
  </datafield>
  <datafield tag="374" ind1=" " ind2=" ">
    <subfield code="a">amerikanistky</subfield>
    <subfield code="a">historičky umění</subfield>
    <subfield code="a">vysokoškolské učitelky</subfield>
  </datafield>
  <datafield tag="375" ind1=" " ind2=" ">
    <subfield code="a">žena</subfield>
  </datafield>
  <datafield tag="377" ind1=" " ind2=" ">
    <subfield code="a">eng</subfield>
  </datafield>
  <datafield tag="400" ind1="1" ind2=" ">
    <subfield code="a">Buggeln, Gretchen,</subfield>
    <subfield code="d">1962-</subfield>
    <subfield code="0">o</subfield>
  </datafield>
  <datafield tag="670" ind1=" " ind2=" ">
    <subfield code="a">Buggeln, Gretchen - Paine, Crispin - Plate, Brent S. (eds.): Religion in museums: global and multidisciplinary perspectives, 2017</subfield>
    <subfield code="b">odkaz viz</subfield>
  </datafield>
  <datafield tag="670" ind1=" " ind2=" ">
    <subfield code="a">LC (Names), cit. 23. 11. 2020</subfield>
    <subfield code="b">autoritní forma, datum narození</subfield>
  </datafield>
  <datafield tag="670" ind1=" " ind2=" ">
    <subfield code="a">www(Valparaiso University - Christ College), cit. 23. 11. 2020</subfield>
    <subfield code="b">biografické údaje</subfield>
  </datafield>
  <datafield tag="678" ind1="0" ind2=" ">
    <subfield code="a">Americká amerikanistka, historička umění, vysokoškolská pedagožka, specializace na americkou lidovou architekturu, náboženské, sociální a kulturní dějiny, britské a americké dekorativní umění a muzejnictví.</subfield>
  </datafield>
  <datafield tag="906" ind1=" " ind2=" ">
    <subfield code="a">za20201124</subfield>
    <subfield code="b">xletr</subfield>
  </datafield>
  <datafield tag="906" ind1=" " ind2=" ">
    <subfield code="a">op20201126</subfield>
    <subfield code="b">beba</subfield>
    <subfield code="c">368 nově; 372a, 374 další výskyt; 678 oprava, doplnění</subfield>
  </datafield>
</record>