

<record>
  <leader>     cz  a22     n  4500</leader>
  <controlfield tag="001">xx0254449</controlfield>
  <controlfield tag="003">CZ PrNK</controlfield>
  <controlfield tag="005">20201125085055.0</controlfield>
  <controlfield tag="008">201124|n|aznnnaabn           n a|a      </controlfield>
  <datafield tag="040" ind1=" " ind2=" ">
    <subfield code="a">ULG001</subfield>
    <subfield code="b">cze</subfield>
    <subfield code="d">ABA001</subfield>
    <subfield code="e">rda</subfield>
  </datafield>
  <datafield tag="046" ind1=" " ind2=" ">
    <subfield code="g">2010</subfield>
  </datafield>
  <datafield tag="100" ind1="1" ind2=" ">
    <subfield code="a">Collier, Paul H.</subfield>
    <subfield code="q">(Paul Henry),</subfield>
    <subfield code="d">-2010</subfield>
    <subfield code="7">xx0254449</subfield>
  </datafield>
  <datafield tag="368" ind1=" " ind2=" ">
    <subfield code="d">Dr.</subfield>
  </datafield>
  <datafield tag="370" ind1=" " ind2=" ">
    <subfield code="c">Austrálie</subfield>
    <subfield code="c">Velká Británie</subfield>
    <subfield code="f">Anglie</subfield>
  </datafield>
  <datafield tag="372" ind1=" " ind2=" ">
    <subfield code="a">vojenské dějiny</subfield>
    <subfield code="a">literatura faktu</subfield>
    <subfield code="a">politické strany</subfield>
    <subfield code="a">zdravotní postižení</subfield>
  </datafield>
  <datafield tag="374" ind1=" " ind2=" ">
    <subfield code="a">historici</subfield>
    <subfield code="a">spisovatelé</subfield>
    <subfield code="a">političtí kandidáti</subfield>
  </datafield>
  <datafield tag="375" ind1=" " ind2=" ">
    <subfield code="a">muž</subfield>
  </datafield>
  <datafield tag="377" ind1=" " ind2=" ">
    <subfield code="a">eng</subfield>
  </datafield>
  <datafield tag="400" ind1="1" ind2=" ">
    <subfield code="a">Collier, Paul</subfield>
    <subfield code="q">(Paul Henry),</subfield>
    <subfield code="d">-2010</subfield>
    <subfield code="0">o</subfield>
  </datafield>
  <datafield tag="400" ind1="1" ind2=" ">
    <subfield code="a">Collier, Paul Henry,</subfield>
    <subfield code="d">-2010</subfield>
    <subfield code="0">o</subfield>
  </datafield>
  <datafield tag="670" ind1=" " ind2=" ">
    <subfield code="a">NLA, cit. 24. 11. 2020</subfield>
  </datafield>
  <datafield tag="670" ind1=" " ind2=" ">
    <subfield code="a">LC (Names), cit. 24. 11. 2020</subfield>
    <subfield code="b">autoritní forma</subfield>
  </datafield>
  <datafield tag="670" ind1=" " ind2=" ">
    <subfield code="a">www(Wikipedia, the free encyclopedia - Paul Collier (activist)), cit. 24. 11. 2020</subfield>
    <subfield code="b">rok úmrtí, biografické údaje</subfield>
    <subfield code="u">https://en.wikipedia.org/wiki/Paul_Collier_(activist)</subfield>
  </datafield>
  <datafield tag="670" ind1=" " ind2=" ">
    <subfield code="a">www(Wadham College, University of Oxford), cit. 24. 11. 2020</subfield>
    <subfield code="b">titul, biografické údaje</subfield>
  </datafield>
  <datafield tag="670" ind1=" " ind2=" ">
    <subfield code="a">Collier, Paul ... et al.: Druhá světová válka, 2020</subfield>
    <subfield code="b">biografické údaje</subfield>
  </datafield>
  <datafield tag="678" ind1="0" ind2=" ">
    <subfield code="a">Australský historik, spisovatel a aktivista v oblasti zdravotního postižení, zakladatel strany Dignity for Disability, kvadruplegik (po nehodě motorového vozidla utrpěl vážné poranění páteře). Žil převážně v Anglii a Austrálii.</subfield>
  </datafield>
  <datafield tag="906" ind1=" " ind2=" ">
    <subfield code="a">za20201124</subfield>
    <subfield code="b">xlest</subfield>
  </datafield>
  <datafield tag="906" ind1=" " ind2=" ">
    <subfield code="a">op20201125</subfield>
    <subfield code="b">adpi</subfield>
    <subfield code="c">pole 370 - formální oprava, biografická poznámka - formální oprava</subfield>
  </datafield>
</record>