

<record>
  <leader>     cz  a22     n  4500</leader>
  <controlfield tag="001">ko20201094186</controlfield>
  <controlfield tag="003">CZ PrNK</controlfield>
  <controlfield tag="005">20201126131752.0</controlfield>
  <controlfield tag="008">201125|n|aznnnaabn           n a|a      </controlfield>
  <datafield tag="040" ind1=" " ind2=" ">
    <subfield code="a">ABA001</subfield>
    <subfield code="b">cze</subfield>
    <subfield code="d">ABA001</subfield>
    <subfield code="e">rda</subfield>
  </datafield>
  <datafield tag="110" ind1="2" ind2=" ">
    <subfield code="a">Velkopřevorský palác (Praha, Česko)</subfield>
    <subfield code="7">ko20201094186</subfield>
  </datafield>
  <datafield tag="368" ind1=" " ind2=" ">
    <subfield code="a">paláce</subfield>
    <subfield code="a">kulturní památky</subfield>
    <subfield code="a">památkové objekty</subfield>
  </datafield>
  <datafield tag="370" ind1=" " ind2=" ">
    <subfield code="c">Česko</subfield>
    <subfield code="e">Praha, Česko)</subfield>
  </datafield>
  <datafield tag="670" ind1=" " ind2=" ">
    <subfield code="a">Jarní aukce českého a světového výtvarného umění : mimořádná nabídka erotických kreseb Káji Saudka : konvolut užitného i ateliérového skla : mimořádná nabídka - průřez dílem Oldřicha Smutného : 29.3.2017 od 17.30 hod. : aukce v prostorách Velkopřevorského paláce, Praha</subfield>
  </datafield>
  <datafield tag="670" ind1=" " ind2=" ">
    <subfield code="a">www(Wikipedie, otevřená encyklopedie), cit. 26.11. 2020</subfield>
    <subfield code="b">faktografické údaje</subfield>
    <subfield code="u">https://cs.wikipedia.org/wiki/Velkop%C5%99evorsk%C3%BD_pal%C3%A1c</subfield>
  </datafield>
  <datafield tag="678" ind1=" " ind2=" ">
    <subfield code="a">Barokní budova stojící na Velkopřevorském náměstí na Malé Straně v Praze. Palác je součástí areálu Řádu maltézských rytířů, je chráněn jako kulturní památka.</subfield>
  </datafield>
  <datafield tag="906" ind1=" " ind2=" ">
    <subfield code="a">za20201125</subfield>
    <subfield code="b">blau</subfield>
  </datafield>
  <datafield tag="906" ind1=" " ind2=" ">
    <subfield code="a">op20201126</subfield>
    <subfield code="b">svsv</subfield>
    <subfield code="c">URL - oprava; Biografická poznámka - nově; Zdroj - další výskyt; Další info - nově; Související místo - nově; Oblast působení - nově; Jazyk - nově</subfield>
  </datafield>
</record>