

<record>
  <leader>     nz  a22     n  4500</leader>
  <controlfield tag="001">jcu20201094188</controlfield>
  <controlfield tag="003">CZ PrNK</controlfield>
  <controlfield tag="005">20201126125120.0</controlfield>
  <controlfield tag="008">201125|n|aznnnaabn           n a|a      </controlfield>
  <datafield tag="040" ind1=" " ind2=" ">
    <subfield code="a">CBD007</subfield>
    <subfield code="b">cze</subfield>
    <subfield code="d">ABA001</subfield>
    <subfield code="e">rda</subfield>
  </datafield>
  <datafield tag="100" ind1="1" ind2=" ">
    <subfield code="a">Blausey, Daniel</subfield>
    <subfield code="7">jcu20201094188</subfield>
  </datafield>
  <datafield tag="368" ind1=" " ind2=" ">
    <subfield code="d">Master of Arts in Art Therapy, New York University</subfield>
    <subfield code="d">Bachelor of Fine Arts, Columbus College of Art &amp; Design</subfield>
  </datafield>
  <datafield tag="370" ind1=" " ind2=" ">
    <subfield code="c">Spojené státy americké</subfield>
  </datafield>
  <datafield tag="372" ind1=" " ind2=" ">
    <subfield code="a">arteterapie</subfield>
    <subfield code="a">psychoterapie</subfield>
    <subfield code="a">výtvarné umění</subfield>
    <subfield code="a">sexuální zneužívání dětí</subfield>
    <subfield code="a">smutek</subfield>
    <subfield code="a">deprese</subfield>
    <subfield code="a">ztráta blízké osoby</subfield>
  </datafield>
  <datafield tag="374" ind1=" " ind2=" ">
    <subfield code="a">psychoterapeuti</subfield>
    <subfield code="a">výtvarní umělci</subfield>
    <subfield code="a">vysokoškolští učitelé</subfield>
  </datafield>
  <datafield tag="375" ind1=" " ind2=" ">
    <subfield code="a">muž</subfield>
  </datafield>
  <datafield tag="377" ind1=" " ind2=" ">
    <subfield code="a">eng</subfield>
  </datafield>
  <datafield tag="670" ind1=" " ind2=" ">
    <subfield code="a">Awais, Yasmine J. - Blausey, Daniel: Foundations of art therapy supervision : creating common ground for supervisees and supervisors. 2021</subfield>
    <subfield code="b">profesní zaměření</subfield>
  </datafield>
  <datafield tag="670" ind1=" " ind2=" ">
    <subfield code="a">LC (Names), cit. 25. 11. 2020</subfield>
    <subfield code="b">autoritní forma</subfield>
  </datafield>
  <datafield tag="670" ind1=" " ind2=" ">
    <subfield code="a">www(Studio Blue - Daniel Blausey), cit. 25. 11. 2020</subfield>
    <subfield code="b">profesní zaměření, pole 368, pole 370</subfield>
  </datafield>
  <datafield tag="678" ind1="0" ind2=" ">
    <subfield code="a">Americký arteterapeut, psychoterapeut, výtvarný umělec. Klinická specializace zaměřena na změny v životě, sexuální zneužívání v dětství, sexuální viktimizace u dospělých, smutek, deprese a ztráta blízké osoby.</subfield>
  </datafield>
  <datafield tag="906" ind1=" " ind2=" ">
    <subfield code="a">ko20201125</subfield>
    <subfield code="b">rehackov</subfield>
  </datafield>
  <datafield tag="906" ind1=" " ind2=" ">
    <subfield code="a">vr20201126</subfield>
    <subfield code="b">lisi</subfield>
  </datafield>
</record>