

<record>
  <leader>     nz  a22     n  4500</leader>
  <datafield tag="900" ind1=" " ind2=" ">
    <subfield code="a">*J-NÁVRH</subfield>
  </datafield>
  <controlfield tag="001">mzk20201094190</controlfield>
  <controlfield tag="003">CZ PrNK</controlfield>
  <controlfield tag="005">20201125082154.0</controlfield>
  <controlfield tag="008">201125|n|aznnnaabn           n a|a      </controlfield>
  <datafield tag="024" ind1="7" ind2=" ">
    <subfield code="a">Q52730832</subfield>
    <subfield code="2">wikidata</subfield>
  </datafield>
  <datafield tag="040" ind1=" " ind2=" ">
    <subfield code="a">BOA001</subfield>
    <subfield code="b">cze</subfield>
    <subfield code="e">rda</subfield>
  </datafield>
  <datafield tag="046" ind1=" " ind2=" ">
    <subfield code="f">1987</subfield>
  </datafield>
  <datafield tag="100" ind1="1" ind2=" ">
    <subfield code="a">Král, Slávek,</subfield>
    <subfield code="d">1987-</subfield>
    <subfield code="7">mzk20201094190</subfield>
  </datafield>
  <datafield tag="370" ind1=" " ind2=" ">
    <subfield code="a">Sušice, Klatovy, Česko</subfield>
    <subfield code="c">Česko</subfield>
  </datafield>
  <datafield tag="372" ind1=" " ind2=" ">
    <subfield code="a">cestování</subfield>
    <subfield code="a">dobrodružné cesty</subfield>
    <subfield code="a">blogy</subfield>
  </datafield>
  <datafield tag="374" ind1=" " ind2=" ">
    <subfield code="a">cestovatelé</subfield>
    <subfield code="a">dobrodruzi</subfield>
    <subfield code="a">blogeři</subfield>
  </datafield>
  <datafield tag="375" ind1=" " ind2=" ">
    <subfield code="a">muž</subfield>
  </datafield>
  <datafield tag="377" ind1=" " ind2=" ">
    <subfield code="a">cze</subfield>
  </datafield>
  <datafield tag="670" ind1=" " ind2=" ">
    <subfield code="a">Král, Slávek: Stopařův průvodce zeměkoulí, 2020</subfield>
    <subfield code="b">autoritní forma</subfield>
  </datafield>
  <datafield tag="670" ind1=" " ind2=" ">
    <subfield code="a">www(osobní stránka), cit. 25. 11. 2020</subfield>
    <subfield code="u">https://slavekkral.cz/</subfield>
  </datafield>
  <datafield tag="670" ind1=" " ind2=" ">
    <subfield code="a">www(Wikipédia, slobodná encyklopédia), cit. 25. 11. 2020</subfield>
    <subfield code="b">biografické údaje, datum a místo narození</subfield>
    <subfield code="u">https://cs.wikipedia.org/wiki/Sl%C3%A1vek_Kr%C3%A1l</subfield>
  </datafield>
  <datafield tag="678" ind1="0" ind2=" ">
    <subfield code="a">Narozen 26. 2. 2020 v Sušici. Cestovatel, dobrodruh a bloger.</subfield>
  </datafield>
  <datafield tag="906" ind1=" " ind2=" ">
    <subfield code="a">za20201125</subfield>
    <subfield code="b">sladan</subfield>
  </datafield>
</record>