

<record>
  <leader>     nz  a22     n  4500</leader>
  <controlfield tag="001">kon20201094193</controlfield>
  <controlfield tag="003">CZ PrNK</controlfield>
  <controlfield tag="005">20201125084306.0</controlfield>
  <controlfield tag="008">201125|n|aznnnaabn           n a|a      </controlfield>
  <datafield tag="040" ind1=" " ind2=" ">
    <subfield code="a">ABA001</subfield>
    <subfield code="b">cze</subfield>
    <subfield code="e">rda</subfield>
  </datafield>
  <datafield tag="110" ind1="2" ind2=" ">
    <subfield code="a">Deutschpolitische Arbeitsstelle (Praha, Česko).</subfield>
    <subfield code="t">Výroční zpráva (Deutschpolitische Arbeitsstelle (Praha, Česko)).</subfield>
    <subfield code="l">Německy</subfield>
    <subfield code="7">kon20201094193</subfield>
  </datafield>
  <datafield tag="410" ind1="2" ind2=" ">
    <subfield code="a">Deutschpolitische Arbeitsstelle (Praha, Česko).</subfield>
    <subfield code="t">Jahres-Bericht der Deutschpolitischen Arbeitstelle</subfield>
    <subfield code="0">o</subfield>
  </datafield>
  <datafield tag="670" ind1=" " ind2=" ">
    <subfield code="a">Jahres-Bericht der Deutschpolitischen Arbeitstelle. Reichenberg : im Verlage der Deutschpolitischen Arbeitstelle, [1920-1927?]</subfield>
  </datafield>
  <datafield tag="906" ind1=" " ind2=" ">
    <subfield code="a">br20201125</subfield>
    <subfield code="b">juri</subfield>
  </datafield>
  <datafield tag="906" ind1=" " ind2=" ">
    <subfield code="a">ks20201125</subfield>
    <subfield code="b">juri</subfield>
  </datafield>
</record>