

<record>
  <leader>     nz  a22     n  4500</leader>
  <datafield tag="900" ind1=" " ind2=" ">
    <subfield code="a">*J-NÁVRH</subfield>
  </datafield>
  <controlfield tag="001">mzk20201094195</controlfield>
  <controlfield tag="003">CZ PrNK</controlfield>
  <controlfield tag="005">20201125085206.0</controlfield>
  <controlfield tag="008">201125|n|aznnnaabn           n a|a      </controlfield>
  <datafield tag="024" ind1="7" ind2=" ">
    <subfield code="a">0000-0003-4496-2554</subfield>
    <subfield code="2">orcid</subfield>
  </datafield>
  <datafield tag="024" ind1="7" ind2=" ">
    <subfield code="a">Q58774837</subfield>
    <subfield code="2">wikidata</subfield>
  </datafield>
  <datafield tag="040" ind1=" " ind2=" ">
    <subfield code="a">BOA001</subfield>
    <subfield code="b">cze</subfield>
    <subfield code="e">rda</subfield>
  </datafield>
  <datafield tag="100" ind1="1" ind2=" ">
    <subfield code="a">Hirsch, Oliver</subfield>
    <subfield code="7">mzk20201094195</subfield>
  </datafield>
  <datafield tag="370" ind1=" " ind2=" ">
    <subfield code="a">Siegen, Německo</subfield>
    <subfield code="c">Německo</subfield>
    <subfield code="f">Marburg, Německo</subfield>
    <subfield code="f">Siegen, Německo</subfield>
  </datafield>
  <datafield tag="372" ind1=" " ind2=" ">
    <subfield code="a">aplikovaná psychologie</subfield>
    <subfield code="a">ekonomická psychologie</subfield>
    <subfield code="a">lékařská psychologie</subfield>
  </datafield>
  <datafield tag="373" ind1=" " ind2=" ">
    <subfield code="a">Philipps-Universität Marburg</subfield>
  </datafield>
  <datafield tag="374" ind1=" " ind2=" ">
    <subfield code="a">psychologové</subfield>
    <subfield code="a">vysokoškolští učitelé</subfield>
  </datafield>
  <datafield tag="375" ind1=" " ind2=" ">
    <subfield code="a">muž</subfield>
  </datafield>
  <datafield tag="377" ind1=" " ind2=" ">
    <subfield code="a">ger</subfield>
    <subfield code="a">eng</subfield>
  </datafield>
  <datafield tag="670" ind1=" " ind2=" ">
    <subfield code="a">Hirsch, Oliver: Beckett's Waiting for Godot : a historical play with two Jews as main characters. In: Brno studies in English. Vol. 46, 2020, No. 1, s. 175-194</subfield>
    <subfield code="b">autoritní forma</subfield>
  </datafield>
  <datafield tag="670" ind1=" " ind2=" ">
    <subfield code="a">www(Researchgate - Oliver Hirsch), cit. 25. 11. 2020</subfield>
    <subfield code="b">profesní specializace</subfield>
    <subfield code="u">https://www.researchgate.net/profile/Oliver_Hirsch</subfield>
  </datafield>
  <datafield tag="670" ind1=" " ind2=" ">
    <subfield code="a">www(FOM.de - Oliver Hirsch verstärkt Team der Siegener FOM), cit. 25. 11. 2020</subfield>
    <subfield code="b">profesní specializace, místo narození</subfield>
    <subfield code="u">https://www.fom.de/2018/februar/neuer-professor-fuer-wirtschaftspsychologie-oliver-hirsch-verstaerkt-team-der-siegener-fom.html</subfield>
  </datafield>
  <datafield tag="678" ind1="0" ind2=" ">
    <subfield code="a">Německý psycholog, zaměřený na lékařskou a hospodářskou psychologii. Zabývá se též Samuelem Beckettem a jeho hrami.</subfield>
  </datafield>
  <datafield tag="906" ind1=" " ind2=" ">
    <subfield code="a">za20201125</subfield>
    <subfield code="b">kmonev</subfield>
  </datafield>
</record>