

<record>
  <leader>     nz  a22     n  4500</leader>
  <datafield tag="900" ind1=" " ind2=" ">
    <subfield code="a">J-NÁVRH-STT</subfield>
  </datafield>
  <controlfield tag="001">ntk20201094198</controlfield>
  <controlfield tag="003">CZ PrNK</controlfield>
  <controlfield tag="005">20201125090934.0</controlfield>
  <controlfield tag="008">201125|n|aznnnaabn           n a|a      </controlfield>
  <datafield tag="024" ind1="7" ind2=" ">
    <subfield code="a">0000000020589626</subfield>
    <subfield code="2">isni</subfield>
  </datafield>
  <datafield tag="040" ind1=" " ind2=" ">
    <subfield code="a">ABA013</subfield>
    <subfield code="b">cze</subfield>
    <subfield code="e">rda</subfield>
  </datafield>
  <datafield tag="046" ind1=" " ind2=" ">
    <subfield code="s">1657</subfield>
    <subfield code="t">1670</subfield>
  </datafield>
  <datafield tag="100" ind1="1" ind2=" ">
    <subfield code="a">Fresen, Wilhelm,</subfield>
    <subfield code="d">činný 1657-1670</subfield>
    <subfield code="7">ntk20201094198</subfield>
  </datafield>
  <datafield tag="368" ind1=" " ind2=" ">
    <subfield code="d">Dr. Phil.</subfield>
    <subfield code="s">1660</subfield>
  </datafield>
  <datafield tag="370" ind1=" " ind2=" ">
    <subfield code="a">Lüneburg, Německo</subfield>
    <subfield code="c">Německo</subfield>
    <subfield code="f">Uelzen, Dolní Sasko, Německo</subfield>
    <subfield code="f">Lutherstadt Wittenberg, Německo</subfield>
    <subfield code="f">Gotha, Německo</subfield>
  </datafield>
  <datafield tag="372" ind1=" " ind2=" ">
    <subfield code="a">teologie</subfield>
    <subfield code="a">pedagogika</subfield>
    <subfield code="a">kalendáře</subfield>
    <subfield code="a">gregoriánský kalendář</subfield>
    <subfield code="a">chronologie, astronomie</subfield>
  </datafield>
  <datafield tag="373" ind1=" " ind2=" ">
    <subfield code="a">Universität Wittenberg</subfield>
    <subfield code="s">1660</subfield>
    <subfield code="t">1660</subfield>
  </datafield>
  <datafield tag="374" ind1=" " ind2=" ">
    <subfield code="a">evangeličtí teologové</subfield>
    <subfield code="a">kazatelé</subfield>
  </datafield>
  <datafield tag="375" ind1=" " ind2=" ">
    <subfield code="a">muž</subfield>
  </datafield>
  <datafield tag="377" ind1=" " ind2=" ">
    <subfield code="a">lat</subfield>
    <subfield code="a">ger</subfield>
  </datafield>
  <datafield tag="400" ind1="1" ind2=" ">
    <subfield code="a">Fresen, Wilhelmus,</subfield>
    <subfield code="d">činný 1657-1670</subfield>
    <subfield code="0">o</subfield>
  </datafield>
  <datafield tag="400" ind1="1" ind2=" ">
    <subfield code="a">Fresius, Wilhelmus,</subfield>
    <subfield code="d">činný 1657-1670</subfield>
    <subfield code="0">o</subfield>
  </datafield>
  <datafield tag="400" ind1="1" ind2=" ">
    <subfield code="a">Fresen, Guilielmus,</subfield>
    <subfield code="d">činný 1657-1670</subfield>
    <subfield code="0">o</subfield>
  </datafield>
  <datafield tag="400" ind1="1" ind2=" ">
    <subfield code="a">Frese, Wilhelm,</subfield>
    <subfield code="d">činný 1657-1670</subfield>
    <subfield code="0">o</subfield>
  </datafield>
  <datafield tag="400" ind1="0" ind2=" ">
    <subfield code="a">W. F.,</subfield>
    <subfield code="d">činný 1657-1670</subfield>
    <subfield code="0">o</subfield>
  </datafield>
  <datafield tag="667" ind1=" " ind2=" ">
    <subfield code="a">http://d-nb.info/gnd/129324655.</subfield>
  </datafield>
  <datafield tag="670" ind1=" " ind2=" ">
    <subfield code="a">De COMPUTO GREGORIANO, seu Stylo Novo, DISSERTATIO Quam Sub PRÆSIDIO VIRI ... DN. ÆGIDII STRAUCHII, ... submittit M. WILHELMUS FRESEN, Lünæburg. Die XII. Maij, in Audit. Maiori. WITTEBERGÆ: Typis Michaelis Wendt, 1660</subfield>
    <subfield code="b">odkaz viz</subfield>
    <subfield code="u">http://resolver.staatsbibliothek-berlin.de/SBB00009DB400000000</subfield>
  </datafield>
  <datafield tag="670" ind1=" " ind2=" ">
    <subfield code="a">DNB, cit. 25. 11. 2020</subfield>
    <subfield code="b">autoritní forma, odkazy viz, data a místo činnosti</subfield>
    <subfield code="u">http://d-nb.info/gnd/129324655</subfield>
  </datafield>
  <datafield tag="678" ind1="0" ind2=" ">
    <subfield code="a">Německý evangelický teolog. Do roku 1657 studoval na Gymnáziu v Gotě, poté studoval na Wittenberské univerzitě (obhajoba disertace z oboru chronologie, kalendáře, 1660). Působil jako kazatel v dolnosaském Uelzenu.</subfield>
  </datafield>
  <datafield tag="906" ind1=" " ind2=" ">
    <subfield code="a">za20201125</subfield>
    <subfield code="b">evbr</subfield>
  </datafield>
  <datafield tag="906" ind1=" " ind2=" ">
    <subfield code="a">ko20201125</subfield>
    <subfield code="b">evbr</subfield>
  </datafield>
</record>