

<record>
  <leader>     nz  a22     n  4500</leader>
  <controlfield tag="001">kv20201094210</controlfield>
  <controlfield tag="003">CZ PrNK</controlfield>
  <controlfield tag="005">20201125102106.0</controlfield>
  <controlfield tag="008">201125|n|aznnnaabn           n a|a      </controlfield>
  <datafield tag="040" ind1=" " ind2=" ">
    <subfield code="a">KVG001</subfield>
    <subfield code="b">cze</subfield>
    <subfield code="d">ABA001</subfield>
    <subfield code="e">rda</subfield>
  </datafield>
  <datafield tag="111" ind1="2" ind2=" ">
    <subfield code="a">Dětský filmový a televizní festival Oty Hofmana</subfield>
    <subfield code="n">(52. :</subfield>
    <subfield code="d">2020 :</subfield>
    <subfield code="c">Ostrov, Karlovy Vary, Česko)</subfield>
    <subfield code="7">kv20201094210</subfield>
  </datafield>
  <datafield tag="368" ind1=" " ind2=" ">
    <subfield code="a">filmové festivaly a přehlídky</subfield>
  </datafield>
  <datafield tag="370" ind1=" " ind2=" ">
    <subfield code="c">Česko</subfield>
    <subfield code="e">Ostrov, Karlovy Vary, Česko</subfield>
  </datafield>
  <datafield tag="372" ind1=" " ind2=" ">
    <subfield code="a">dětské filmy</subfield>
    <subfield code="a">film</subfield>
    <subfield code="a">televize</subfield>
    <subfield code="a">televizní tvorba</subfield>
    <subfield code="a">děti a mládež</subfield>
    <subfield code="a">online vysílání</subfield>
  </datafield>
  <datafield tag="377" ind1=" " ind2=" ">
    <subfield code="a">cze</subfield>
  </datafield>
  <datafield tag="511" ind1="2" ind2=" ">
    <subfield code="a">Dětský filmový a televizní festival Oty Hofmana</subfield>
    <subfield code="7">ko2005291340</subfield>
  </datafield>
  <datafield tag="670" ind1=" " ind2=" ">
    <subfield code="a">Festival Oty Hofmana upravuje program. In: Karlovarský deník. Č. 239 (20201013), s. 3</subfield>
  </datafield>
  <datafield tag="670" ind1=" " ind2=" ">
    <subfield code="a">www (Festival Ostrov - 52. ročník dětského filmového a televizního festivalu Oty Hofmana v Ostrově), cit. 25. 11. 2020</subfield>
  </datafield>
  <datafield tag="678" ind1=" " ind2=" ">
    <subfield code="a">Tento ročník festivalu byl omezen kvůli pandemii Covid 19 a proběhl za bezpečnostních opatření a částečně online ve dnech 10. - 16. 10. 2020.</subfield>
  </datafield>
  <datafield tag="680" ind1=" " ind2=" ">
    <subfield code="i">Toto záhlaví se používá pouze při monografickém zpracování publikace.</subfield>
  </datafield>
  <datafield tag="906" ind1=" " ind2=" ">
    <subfield code="a">za20201125</subfield>
    <subfield code="b">idus</subfield>
  </datafield>
  <datafield tag="906" ind1=" " ind2=" ">
    <subfield code="a">vr20201125</subfield>
    <subfield code="b">svsv</subfield>
  </datafield>
</record>