

<record>
  <leader>     nz  a22     n  4500</leader>
  <datafield tag="900" ind1=" " ind2=" ">
    <subfield code="a">J-NÁVRH-STT</subfield>
  </datafield>
  <controlfield tag="001">ntk20201094211</controlfield>
  <controlfield tag="003">CZ PrNK</controlfield>
  <controlfield tag="005">20201125094209.0</controlfield>
  <controlfield tag="008">201125|n|aznnnaabn           n a|a      </controlfield>
  <datafield tag="040" ind1=" " ind2=" ">
    <subfield code="a">ABA013</subfield>
    <subfield code="b">cze</subfield>
    <subfield code="e">rda</subfield>
  </datafield>
  <datafield tag="046" ind1=" " ind2=" ">
    <subfield code="f">1629</subfield>
    <subfield code="g">1673</subfield>
  </datafield>
  <datafield tag="100" ind1="1" ind2=" ">
    <subfield code="a">Schmatz, Daniel,</subfield>
    <subfield code="d">1629-1673</subfield>
    <subfield code="7">ntk20201094211</subfield>
  </datafield>
  <datafield tag="370" ind1=" " ind2=" ">
    <subfield code="a">Lutherstadt Wittenberg, Německo</subfield>
    <subfield code="c">Německo</subfield>
    <subfield code="f">Lutherstadt Wittenberg, Německo</subfield>
  </datafield>
  <datafield tag="372" ind1=" " ind2=" ">
    <subfield code="a">knihtisk</subfield>
    <subfield code="a">knižní produkce</subfield>
    <subfield code="a">nakladatelství a vydavatelství</subfield>
    <subfield code="a">knižní kultura</subfield>
  </datafield>
  <datafield tag="374" ind1=" " ind2=" ">
    <subfield code="a">tiskaři</subfield>
    <subfield code="a">nakladatelé a vydavatelé</subfield>
  </datafield>
  <datafield tag="375" ind1=" " ind2=" ">
    <subfield code="a">muž</subfield>
  </datafield>
  <datafield tag="377" ind1=" " ind2=" ">
    <subfield code="a">lat</subfield>
    <subfield code="a">ger</subfield>
  </datafield>
  <datafield tag="667" ind1=" " ind2=" ">
    <subfield code="a">http://d-nb.info/gnd/12490789X.</subfield>
  </datafield>
  <datafield tag="670" ind1=" " ind2=" ">
    <subfield code="a">De COMPUTO GREGORIANO, seu Stylo Novo, DISSERTATIO Quam Sub PRÆSIDIO VIRI ... DN. ÆGIDII STRAUCHII, ... submittit M. WILHELMUS FRESEN, Lünæburg. Die XII. Maij, in Audit. Maiori. WITTEBERGÆ: Literis WENDIANIS, Excud. DANIEL Schmatz, Acad. Typ., 1672</subfield>
    <subfield code="b">autoritní forma</subfield>
  </datafield>
  <datafield tag="670" ind1=" " ind2=" ">
    <subfield code="a">DNB, cit. 25. 11. 2020</subfield>
    <subfield code="b">autoritní forma, datum narození a úmrtí, místo činnosti</subfield>
    <subfield code="u">http://d-nb.info/gnd/12490789X</subfield>
  </datafield>
  <datafield tag="670" ind1=" " ind2=" ">
    <subfield code="a">www(WorldCat Identities, Schmatz, Daniel 1629-1673), cit. 25. 11. 2020</subfield>
    <subfield code="b">seznam publikací a pole 377</subfield>
    <subfield code="u">https://www.worldcat.org/identities/viaf-301658301/</subfield>
  </datafield>
  <datafield tag="678" ind1="0" ind2=" ">
    <subfield code="a">Německý tiskař a nakladatel činný v sasko-anhaltském Wittenbergu (dnes Lutherstadt Wittenberg). Činnosti se věnoval pravděpodobně již od r. 1658, kdy se oženil s Elisabeth Wendtovou (činnou od r. 1658-), dcerou wittenberského tiskaře Michaela Wendta (činného 1628-1669). S tchánovou firmou „Michael Wendt Schriften“ (1667-1673) také spolupracoval (tisky mají v impresu obě jména). Po jeho úmrtí v r. 1673 se vdova v následujícím roce znovu provdala za dalšího wittenberského tiskaře Christiana Schrödtera (1640-1723), tiskárny rodiny se tak staly pravděpodobně součástí firmy „Officina Christiani Schrödteri“ (1674-1727).</subfield>
  </datafield>
  <datafield tag="906" ind1=" " ind2=" ">
    <subfield code="a">za20201125</subfield>
    <subfield code="b">evbr</subfield>
  </datafield>
  <datafield tag="906" ind1=" " ind2=" ">
    <subfield code="a">ko20201125</subfield>
    <subfield code="b">evbr</subfield>
  </datafield>
</record>