

<record>
  <leader>     nz  a22     n  4500</leader>
  <controlfield tag="001">kon20201094214</controlfield>
  <controlfield tag="003">CZ PrNK</controlfield>
  <controlfield tag="005">20201125094240.0</controlfield>
  <controlfield tag="008">201125|n|aznnnaabn           n a|a      </controlfield>
  <datafield tag="040" ind1=" " ind2=" ">
    <subfield code="a">ABA001</subfield>
    <subfield code="b">cze</subfield>
    <subfield code="e">rda</subfield>
  </datafield>
  <datafield tag="110" ind1="2" ind2=" ">
    <subfield code="a">Grafika, dělnické družstvo tiskařské v Plzni.</subfield>
    <subfield code="t">Výroční zpráva (Grafika, dělnické družstvo tiskařské v Plzni)</subfield>
    <subfield code="7">kon20201094214</subfield>
  </datafield>
  <datafield tag="410" ind1="2" ind2=" ">
    <subfield code="a">Grafika, dělnické družstvo tiskařské v Plzni.</subfield>
    <subfield code="t">Výroční zpráva "Grafiky" Dělnického družstva tiskařského v Plzni, zapsaného společenstva s ručením obmezeným</subfield>
    <subfield code="0">o</subfield>
  </datafield>
  <datafield tag="670" ind1=" " ind2=" ">
    <subfield code="a">Výroční zpráva "Grafiky" Dělnického družstva tiskařského v Plzni, zapsaného společenstva s ručením obmezeným. [Plzeň] : [nakladatel není známý], [1927-1937?]</subfield>
  </datafield>
  <datafield tag="906" ind1=" " ind2=" ">
    <subfield code="a">br20201125</subfield>
    <subfield code="b">juri</subfield>
  </datafield>
  <datafield tag="906" ind1=" " ind2=" ">
    <subfield code="a">ks20201125</subfield>
    <subfield code="b">juri</subfield>
  </datafield>
</record>