

<record>
  <leader>     nz  a22     n  4500</leader>
  <controlfield tag="001">xx0254481</controlfield>
  <controlfield tag="003">CZ PrNK</controlfield>
  <controlfield tag="005">20201126083043.0</controlfield>
  <controlfield tag="008">201125|n|aznnnaabn           n a|a      </controlfield>
  <datafield tag="040" ind1=" " ind2=" ">
    <subfield code="a">ABA008</subfield>
    <subfield code="b">cze</subfield>
    <subfield code="d">ABA001</subfield>
    <subfield code="e">rda</subfield>
  </datafield>
  <datafield tag="046" ind1=" " ind2=" ">
    <subfield code="f">1849</subfield>
  </datafield>
  <datafield tag="100" ind1="1" ind2=" ">
    <subfield code="a">Gottschau, Max,</subfield>
    <subfield code="d">1849-</subfield>
    <subfield code="7">xx0254481</subfield>
  </datafield>
  <datafield tag="370" ind1=" " ind2=" ">
    <subfield code="a">Berlín, Německo</subfield>
    <subfield code="c">Německo</subfield>
  </datafield>
  <datafield tag="372" ind1=" " ind2=" ">
    <subfield code="a">lékařství</subfield>
    <subfield code="a">neurologie</subfield>
  </datafield>
  <datafield tag="374" ind1=" " ind2=" ">
    <subfield code="a">lékaři</subfield>
  </datafield>
  <datafield tag="375" ind1=" " ind2=" ">
    <subfield code="a">muž</subfield>
  </datafield>
  <datafield tag="377" ind1=" " ind2=" ">
    <subfield code="a">ger</subfield>
  </datafield>
  <datafield tag="670" ind1=" " ind2=" ">
    <subfield code="a">Gottschau, Max: Ueber Gangarten Gelähmter, 1875</subfield>
    <subfield code="b">autoritní forma jména, celé datum a místo narození, obor působnosti</subfield>
  </datafield>
  <datafield tag="670" ind1=" " ind2=" ">
    <subfield code="a">www(WorldCat), cit. 19. 11. 2020</subfield>
    <subfield code="b">jméno, publikace</subfield>
  </datafield>
  <datafield tag="675" ind1=" " ind2=" ">
    <subfield code="a">DNB, cit. 19. 11. 2020</subfield>
  </datafield>
  <datafield tag="678" ind1="0" ind2=" ">
    <subfield code="a">Německý lékař, narozen 20. 1. 1849, autor disertační práce z oboru neurologie.</subfield>
  </datafield>
  <datafield tag="906" ind1=" " ind2=" ">
    <subfield code="a">za20201125</subfield>
    <subfield code="b">xvelo</subfield>
  </datafield>
  <datafield tag="906" ind1=" " ind2=" ">
    <subfield code="a">fr20201126</subfield>
    <subfield code="b">lisi</subfield>
  </datafield>
</record>