

<record>
  <leader>     cz  a22     n  4500</leader>
  <controlfield tag="001">xx0254483</controlfield>
  <controlfield tag="003">CZ PrNK</controlfield>
  <controlfield tag="005">20201127153838.0</controlfield>
  <controlfield tag="008">201125|n|aznnnaabn           n a|a      </controlfield>
  <datafield tag="040" ind1=" " ind2=" ">
    <subfield code="a">BOD008</subfield>
    <subfield code="b">cze</subfield>
    <subfield code="d">ABA001</subfield>
    <subfield code="e">rda</subfield>
  </datafield>
  <datafield tag="046" ind1=" " ind2=" ">
    <subfield code="f">1953</subfield>
  </datafield>
  <datafield tag="100" ind1="1" ind2=" ">
    <subfield code="a">Diallo, Adama,</subfield>
    <subfield code="d">1953-</subfield>
    <subfield code="7">xx0254483</subfield>
  </datafield>
  <datafield tag="370" ind1=" " ind2=" ">
    <subfield code="c">Francie</subfield>
    <subfield code="c">Senegal</subfield>
  </datafield>
  <datafield tag="372" ind1=" " ind2=" ">
    <subfield code="a">veterinární lékařství</subfield>
    <subfield code="a">mikrobiologie</subfield>
    <subfield code="a">přežvýkavci</subfield>
    <subfield code="a">skot</subfield>
  </datafield>
  <datafield tag="373" ind1=" " ind2=" ">
    <subfield code="a">CIRAD (organizace)</subfield>
  </datafield>
  <datafield tag="374" ind1=" " ind2=" ">
    <subfield code="a">veterinární lékaři</subfield>
    <subfield code="a">mikrobiologové</subfield>
    <subfield code="a">vědci</subfield>
  </datafield>
  <datafield tag="375" ind1=" " ind2=" ">
    <subfield code="a">muž</subfield>
  </datafield>
  <datafield tag="377" ind1=" " ind2=" ">
    <subfield code="a">fre</subfield>
    <subfield code="a">eng</subfield>
  </datafield>
  <datafield tag="670" ind1=" " ind2=" ">
    <subfield code="a">Kardjadj, Moustafa - Diallo, Adama - Lancelot, Renaud (eds.): Transboundary animal diseases in Sahelian Africa and connected regions, 2019</subfield>
    <subfield code="b">profesní a biografické údaje</subfield>
  </datafield>
  <datafield tag="670" ind1=" " ind2=" ">
    <subfield code="a">ABES, cit. 25. 11. 2020</subfield>
    <subfield code="b">rok narození, obor působení</subfield>
  </datafield>
  <datafield tag="670" ind1=" " ind2=" ">
    <subfield code="a">BNF, cit. 27. 11. 2020</subfield>
    <subfield code="b">autoritní forma, rok narození</subfield>
  </datafield>
  <datafield tag="678" ind1="0" ind2=" ">
    <subfield code="a">Francouzský veterinární lékař, mikrobiolog a vědecký pracovník působící v Senegalu jako poradce ředitele Senegal national veterinary laboratory LNERV. Odborník na vývoj vakcín a diagnostických testů. Práce z oboru.</subfield>
  </datafield>
  <datafield tag="906" ind1=" " ind2=" ">
    <subfield code="a">za20201125</subfield>
    <subfield code="b">xsist</subfield>
  </datafield>
  <datafield tag="906" ind1=" " ind2=" ">
    <subfield code="a">op20201127</subfield>
    <subfield code="b">maku</subfield>
    <subfield code="c">negativní zdroj - odstraněn, zdroj - další výskyt</subfield>
  </datafield>
</record>