

<record>
  <leader>     nz  a22     n  4500</leader>
  <controlfield tag="001">ko20201094242</controlfield>
  <controlfield tag="003">CZ PrNK</controlfield>
  <controlfield tag="005">20201125101640.0</controlfield>
  <controlfield tag="008">201125|n|aznnnaabn           n a|a      </controlfield>
  <datafield tag="040" ind1=" " ind2=" ">
    <subfield code="a">ABA001</subfield>
    <subfield code="b">cze</subfield>
    <subfield code="e">rda</subfield>
  </datafield>
  <datafield tag="110" ind1="2" ind2=" ">
    <subfield code="a">Matice znojemská</subfield>
    <subfield code="7">ko20201094242</subfield>
  </datafield>
  <datafield tag="368" ind1=" " ind2=" ">
    <subfield code="a">spolky</subfield>
    <subfield code="a">vzdělávací spolky</subfield>
    <subfield code="a">vzdělávací instituce a organizace</subfield>
  </datafield>
  <datafield tag="370" ind1=" " ind2=" ">
    <subfield code="c">Česko</subfield>
    <subfield code="e">Vsetín, Česko</subfield>
    <subfield code="e">Znojmo, Česko</subfield>
    <subfield code="f">Rakousko-Uhersko</subfield>
    <subfield code="f">Československo</subfield>
  </datafield>
  <datafield tag="372" ind1=" " ind2=" ">
    <subfield code="a">podpora vzdělávání</subfield>
    <subfield code="a">školství</subfield>
  </datafield>
  <datafield tag="377" ind1=" " ind2=" ">
    <subfield code="a">cze</subfield>
  </datafield>
  <datafield tag="410" ind1="2" ind2=" ">
    <subfield code="a">Matice Znojemská</subfield>
    <subfield code="0">o</subfield>
  </datafield>
  <datafield tag="670" ind1=" " ind2=" ">
    <subfield code="a">www(Badatelna.eu - Státní okresní archiv Znojmo - Matice Znojemská Znojmo), cit. 25.11. 2020</subfield>
    <subfield code="u">http://badatelna.eu/fond/124087/</subfield>
  </datafield>
  <datafield tag="678" ind1=" " ind2=" ">
    <subfield code="a">Korporace působila v letech1907-1939.</subfield>
  </datafield>
  <datafield tag="906" ind1=" " ind2=" ">
    <subfield code="a">br20201125</subfield>
    <subfield code="b">svsv</subfield>
  </datafield>
</record>