

<record>
  <leader>     nz  a22     n  4500</leader>
  <controlfield tag="001">kon20201094244</controlfield>
  <controlfield tag="003">CZ PrNK</controlfield>
  <controlfield tag="005">20201125102004.0</controlfield>
  <controlfield tag="008">201125|n|aznnnaabn           n a|a      </controlfield>
  <datafield tag="040" ind1=" " ind2=" ">
    <subfield code="a">ABA001</subfield>
    <subfield code="b">cze</subfield>
    <subfield code="e">rda</subfield>
  </datafield>
  <datafield tag="110" ind1="2" ind2=" ">
    <subfield code="a">Spolek výtvarných umělců Mánes.</subfield>
    <subfield code="t">Výroční zpráva (Spolek výtvarných umělců Mánes)</subfield>
    <subfield code="7">kon20201094244</subfield>
  </datafield>
  <datafield tag="410" ind1="2" ind2=" ">
    <subfield code="a">Spolek výtvarných umělců Mánes.</subfield>
    <subfield code="t">Zpráva o činnosti spolku výtvarn. umělců "Mánes" v Praze</subfield>
    <subfield code="0">o</subfield>
  </datafield>
  <datafield tag="670" ind1=" " ind2=" ">
    <subfield code="a">Zpráva o činnosti spolku výtvarn. umělců "Mánes" v Praze. V Praze : nákladem spolku "Mánes", [1903?-1906?]</subfield>
  </datafield>
  <datafield tag="906" ind1=" " ind2=" ">
    <subfield code="a">br20201125</subfield>
    <subfield code="b">juri</subfield>
  </datafield>
  <datafield tag="906" ind1=" " ind2=" ">
    <subfield code="a">ks20201125</subfield>
    <subfield code="b">juri</subfield>
  </datafield>
</record>