

<record>
  <leader>     nz  a22     n  4500</leader>
  <controlfield tag="001">aun20201094283</controlfield>
  <controlfield tag="003">CZ PrNK</controlfield>
  <controlfield tag="005">20201125121630.0</controlfield>
  <controlfield tag="008">201125|n|acnnnaabn           n a|a      </controlfield>
  <datafield tag="040" ind1=" " ind2=" ">
    <subfield code="a">ABA001</subfield>
    <subfield code="b">cze</subfield>
  </datafield>
  <datafield tag="100" ind1="0" ind2=" ">
    <subfield code="a">Tomáš Akvinský,</subfield>
    <subfield code="c">svatý,</subfield>
    <subfield code="d">1225-1274.</subfield>
    <subfield code="t">Summa theologiae.</subfield>
    <subfield code="n">Pars 2, II.</subfield>
    <subfield code="n">Quaestio 17-22.</subfield>
    <subfield code="7">aun20201094283</subfield>
  </datafield>
  <datafield tag="670" ind1=" " ind2=" ">
    <subfield code="a">Slovník latinských spisovatelů: Odeon</subfield>
  </datafield>
  <datafield tag="670" ind1=" " ind2=" ">
    <subfield code="a">ICCU, cit. 09. 11. 2020</subfield>
  </datafield>
  <datafield tag="670" ind1=" " ind2=" ">
    <subfield code="a">www(Wikipedia, l'enciclopedia libera), cit. 09. 11. 2020</subfield>
  </datafield>
  <datafield tag="670" ind1=" " ind2=" ">
    <subfield code="a">O naději v Teologické sumě :STh II-II, q. 17-22. Praha : Krystal OP, s.r.o., 2020</subfield>
  </datafield>
  <datafield tag="700" ind1="0" ind2="7">
    <subfield code="a">Tomáš Akvinský,</subfield>
    <subfield code="c">svatý,</subfield>
    <subfield code="d">1225-1274.</subfield>
    <subfield code="t">Teologická suma.</subfield>
    <subfield code="n">Část 2, II.</subfield>
    <subfield code="n">Otázka 17-22</subfield>
    <subfield code="2">czenas</subfield>
  </datafield>
  <datafield tag="906" ind1=" " ind2=" ">
    <subfield code="a">br20201125</subfield>
    <subfield code="b">irpi</subfield>
  </datafield>
</record>