

<record>
  <leader>     nz  a22     n  4500</leader>
  <controlfield tag="001">xx0254518</controlfield>
  <controlfield tag="003">CZ PrNK</controlfield>
  <controlfield tag="005">20201127113421.0</controlfield>
  <controlfield tag="008">201125|n|aznnnaabn           n a|a      </controlfield>
  <datafield tag="040" ind1=" " ind2=" ">
    <subfield code="a">ABA008</subfield>
    <subfield code="b">cze</subfield>
    <subfield code="d">ABA001</subfield>
    <subfield code="e">rda</subfield>
  </datafield>
  <datafield tag="100" ind1="1" ind2=" ">
    <subfield code="a">Mezian, Kamal</subfield>
    <subfield code="7">xx0254518</subfield>
  </datafield>
  <datafield tag="368" ind1=" " ind2=" ">
    <subfield code="d">MUDr.</subfield>
    <subfield code="s">2009</subfield>
  </datafield>
  <datafield tag="368" ind1=" " ind2=" ">
    <subfield code="d">Ph.D.</subfield>
    <subfield code="s">2018</subfield>
  </datafield>
  <datafield tag="370" ind1=" " ind2=" ">
    <subfield code="c">Česko</subfield>
  </datafield>
  <datafield tag="372" ind1=" " ind2=" ">
    <subfield code="a">lékařství</subfield>
    <subfield code="a">rehabilitační lékařství</subfield>
    <subfield code="a">fyzikální lékařství</subfield>
    <subfield code="a">biofyzika</subfield>
    <subfield code="a">lékařská biofyzika</subfield>
  </datafield>
  <datafield tag="374" ind1=" " ind2=" ">
    <subfield code="a">lékaři</subfield>
    <subfield code="a">rehabilitační lékaři</subfield>
    <subfield code="a">biofyzici</subfield>
  </datafield>
  <datafield tag="375" ind1=" " ind2=" ">
    <subfield code="a">muž</subfield>
  </datafield>
  <datafield tag="377" ind1=" " ind2=" ">
    <subfield code="a">cze</subfield>
  </datafield>
  <datafield tag="670" ind1=" " ind2=" ">
    <subfield code="a">Mezian, Kamal: Zkušenosti s léčbou dorzopatií. Aspekty práce pomáhajících profesí [elektronický zdroj], 2012, s. 207-209.</subfield>
    <subfield code="b">autoritní forma, titul MUDr., pracoviště</subfield>
  </datafield>
  <datafield tag="670" ind1=" " ind2=" ">
    <subfield code="a">www(Česká lékařská komora), cit. 25. 11. 2020</subfield>
    <subfield code="b">rok získání MUDr., titul Ph.D., specializace, další pracoviště</subfield>
  </datafield>
  <datafield tag="670" ind1=" " ind2=" ">
    <subfield code="a">www(Rehabilitace Mezian), cit. 25. 11. 2020</subfield>
    <subfield code="b">rok získání Ph.D., další specializace, další pracoviště</subfield>
  </datafield>
  <datafield tag="678" ind1="0" ind2=" ">
    <subfield code="a">MUDr., Ph.D., rehabilitační a fyzikální lékař, lékařský biofyzik (Klinika rehabilitačního lékařství, 1. lékařská fakulta, Univerzita Karlova a Všeobecná fakultní nemocnice, Praha; Fakulta biomedicínského inženýrství, České vysoké učení technické, Praha; Rehabilitace MUDr. Hassan Mezian s.r.o., Litoměřice).</subfield>
  </datafield>
  <datafield tag="906" ind1=" " ind2=" ">
    <subfield code="a">za20201125</subfield>
    <subfield code="b">xdapi</subfield>
  </datafield>
  <datafield tag="906" ind1=" " ind2=" ">
    <subfield code="a">fr20201127</subfield>
    <subfield code="b">lisi</subfield>
  </datafield>
</record>