

<record>
  <leader>     nz  a22     n  4500</leader>
  <datafield tag="900" ind1=" " ind2=" ">
    <subfield code="a">J-NÁVRH</subfield>
  </datafield>
  <controlfield tag="001">pna20201094304</controlfield>
  <controlfield tag="003">CZ PrNK</controlfield>
  <controlfield tag="005">20201125135241.0</controlfield>
  <controlfield tag="008">201125|n|aznnnaabn           n a|a      </controlfield>
  <datafield tag="040" ind1=" " ind2=" ">
    <subfield code="a">PNA001</subfield>
    <subfield code="b">cze</subfield>
    <subfield code="e">rda</subfield>
  </datafield>
  <datafield tag="046" ind1=" " ind2=" ">
    <subfield code="f">1908</subfield>
    <subfield code="g">1967</subfield>
  </datafield>
  <datafield tag="100" ind1="1" ind2=" ">
    <subfield code="a">Rayner, D. A.</subfield>
    <subfield code="q">(Denys Arthur),</subfield>
    <subfield code="d">1908-1967</subfield>
    <subfield code="7">pna20201094304</subfield>
  </datafield>
  <datafield tag="370" ind1=" " ind2=" ">
    <subfield code="c">Velká Británie</subfield>
  </datafield>
  <datafield tag="372" ind1=" " ind2=" ">
    <subfield code="a">vojenské námořnictvo</subfield>
    <subfield code="a">literární činnost</subfield>
    <subfield code="a">konstrukce lodí</subfield>
  </datafield>
  <datafield tag="374" ind1=" " ind2=" ">
    <subfield code="a">námořníci</subfield>
    <subfield code="a">důstojníci</subfield>
    <subfield code="a">spisovatelé</subfield>
    <subfield code="a">lodní konstruktéři</subfield>
  </datafield>
  <datafield tag="375" ind1=" " ind2=" ">
    <subfield code="a">muž</subfield>
  </datafield>
  <datafield tag="377" ind1=" " ind2=" ">
    <subfield code="a">eng</subfield>
  </datafield>
  <datafield tag="400" ind1="1" ind2=" ">
    <subfield code="a">Rayner, Denys Arthur,</subfield>
    <subfield code="d">1908-1967</subfield>
    <subfield code="0">o</subfield>
  </datafield>
  <datafield tag="400" ind1="1" ind2=" ">
    <subfield code="a">Rayner, Denys,</subfield>
    <subfield code="d">1908-1967</subfield>
    <subfield code="0">o</subfield>
  </datafield>
  <datafield tag="670" ind1=" " ind2=" ">
    <subfield code="a">Rayner, D. A.: The enemy below, 1957</subfield>
  </datafield>
  <datafield tag="670" ind1=" " ind2=" ">
    <subfield code="a">LC (Names), cit. 25. 11. 2020</subfield>
    <subfield code="b">autoritní forma, odkaz viz, datum narození</subfield>
  </datafield>
  <datafield tag="670" ind1=" " ind2=" ">
    <subfield code="a">www(Wikipedia, the free encyclopedia - Denys Rayner), cit. 25. 11. 2020</subfield>
    <subfield code="b">odkaz viz, datum úmrtí, souvis. místo, profesní údaje</subfield>
    <subfield code="u">https://en.wikipedia.org/wiki/Denys_Rayner</subfield>
  </datafield>
  <datafield tag="678" ind1="0" ind2=" ">
    <subfield code="a">Důstojník britského Královského námořnictva, účastník bitvy o Atlantik, po 2. světové válce spisovatel, farmář a konstruktér a stavitel malých lodí.</subfield>
  </datafield>
  <datafield tag="906" ind1=" " ind2=" ">
    <subfield code="a">za20201125</subfield>
    <subfield code="b">kali</subfield>
  </datafield>
</record>