

<record>
  <leader>     nz  a22     n  4500</leader>
  <datafield tag="900" ind1=" " ind2=" ">
    <subfield code="a">J-NÁVRH</subfield>
  </datafield>
  <controlfield tag="001">pna20201094305</controlfield>
  <controlfield tag="003">CZ PrNK</controlfield>
  <controlfield tag="005">20201125135959.0</controlfield>
  <controlfield tag="008">201125|n|aznnnaabn           n a|a      </controlfield>
  <datafield tag="040" ind1=" " ind2=" ">
    <subfield code="a">PNA001</subfield>
    <subfield code="b">cze</subfield>
    <subfield code="e">rda</subfield>
  </datafield>
  <datafield tag="046" ind1=" " ind2=" ">
    <subfield code="f">1971</subfield>
  </datafield>
  <datafield tag="100" ind1="1" ind2=" ">
    <subfield code="a">Szczepański, Jacek,</subfield>
    <subfield code="d">1971-</subfield>
    <subfield code="7">pna20201094305</subfield>
  </datafield>
  <datafield tag="370" ind1=" " ind2=" ">
    <subfield code="c">Polsko</subfield>
  </datafield>
  <datafield tag="372" ind1=" " ind2=" ">
    <subfield code="a">dějiny</subfield>
    <subfield code="a">muzeologie</subfield>
    <subfield code="a">kurátorství sbírek</subfield>
    <subfield code="a">sběratelství</subfield>
  </datafield>
  <datafield tag="374" ind1=" " ind2=" ">
    <subfield code="a">historici</subfield>
    <subfield code="a">muzeologové</subfield>
    <subfield code="a">kurátoři sbírek</subfield>
    <subfield code="a">sběratelé</subfield>
  </datafield>
  <datafield tag="375" ind1=" " ind2=" ">
    <subfield code="a">muž</subfield>
  </datafield>
  <datafield tag="377" ind1=" " ind2=" ">
    <subfield code="a">pol</subfield>
  </datafield>
  <datafield tag="400" ind1="1" ind2=" ">
    <subfield code="a">Szczepański, Jacek Emil,</subfield>
    <subfield code="d">1971-</subfield>
    <subfield code="0">o</subfield>
  </datafield>
  <datafield tag="670" ind1=" " ind2=" ">
    <subfield code="a">Szczepański, Jacek Emil: Landszturm w generalnym gubernatorstwie Warszawskim 1915-1918, 2012</subfield>
  </datafield>
  <datafield tag="670" ind1=" " ind2=" ">
    <subfield code="a">NUKAT, cit. 25. 11. 2020</subfield>
    <subfield code="b">autoritní forma, odkaz viz, datum narození, profesní údaje</subfield>
  </datafield>
  <datafield tag="670" ind1=" " ind2=" ">
    <subfield code="a">www(Wikipedia, wolna encyklopedia), cit. 25. 11. 2020</subfield>
    <subfield code="b">profesní údaje</subfield>
    <subfield code="u">https://pl.wikipedia.org/wiki/Jacek_Szczepa%C5%84ski</subfield>
  </datafield>
  <datafield tag="678" ind1="0" ind2=" ">
    <subfield code="a">Historik zaměřený na dějiny 20. století, muzeolog a kurátor, sběratel starých pohlednic.</subfield>
  </datafield>
  <datafield tag="906" ind1=" " ind2=" ">
    <subfield code="a">za20201125</subfield>
    <subfield code="b">kali</subfield>
  </datafield>
</record>