

<record>
  <leader>     nz  a22     n  4500</leader>
  <controlfield tag="001">ge1094309</controlfield>
  <controlfield tag="003">CZ PrNK</controlfield>
  <controlfield tag="005">20201127081149.0</controlfield>
  <controlfield tag="008">201125|n|acznnbabn           n a|a      </controlfield>
  <datafield tag="034" ind1=" " ind2=" ">
    <subfield code="d">E026.6182</subfield>
    <subfield code="e">E026.6182</subfield>
    <subfield code="f">N046.2777</subfield>
    <subfield code="g">N046.2777</subfield>
  </datafield>
  <datafield tag="040" ind1=" " ind2=" ">
    <subfield code="a">BOD004</subfield>
    <subfield code="b">cze</subfield>
    <subfield code="d">ABA001</subfield>
  </datafield>
  <datafield tag="043" ind1=" " ind2=" ">
    <subfield code="a">e-rm---</subfield>
  </datafield>
  <datafield tag="080" ind1=" " ind2=" ">
    <subfield code="a">(498)</subfield>
    <subfield code="2">MRF_2014</subfield>
  </datafield>
  <datafield tag="151" ind1=" " ind2=" ">
    <subfield code="a">Târgu Ocna (Rumunsko : oblast)</subfield>
    <subfield code="7">ge1094309</subfield>
  </datafield>
  <datafield tag="551" ind1=" " ind2=" ">
    <subfield code="a">Târgu Ocna (Rumunsko)</subfield>
    <subfield code="7">ge1093410</subfield>
  </datafield>
  <datafield tag="751" ind1="0" ind2="7">
    <subfield code="a">Târgu Ocna Region (Romania)</subfield>
    <subfield code="2">eczenas</subfield>
  </datafield>
  <datafield tag="GPS" ind1=" " ind2=" ">
    <subfield code="a">46°16'39.7"N</subfield>
    <subfield code="c">26°37'5.5"E</subfield>
  </datafield>
  <datafield tag="956" ind1="4" ind2=" ">
    <subfield code="u">http://aleph.nkp.cz/aleph-cgi/show_map?ll=46.27769,26.61819&amp;z=12</subfield>
    <subfield code="y">Zobrazit na mapě</subfield>
    <subfield code="4">N</subfield>
  </datafield>
  <datafield tag="906" ind1=" " ind2=" ">
    <subfield code="a">za20201125</subfield>
    <subfield code="b">kourilova</subfield>
  </datafield>
  <datafield tag="906" ind1=" " ind2=" ">
    <subfield code="a">wr20201127</subfield>
    <subfield code="b">napo</subfield>
  </datafield>
</record>