

<record>
  <leader>     nz  a22     n  4500</leader>
  <datafield tag="900" ind1=" " ind2=" ">
    <subfield code="a">N-NÁVRH-VP</subfield>
  </datafield>
  <controlfield tag="001">aun20201094321</controlfield>
  <controlfield tag="003">CZ PrNK</controlfield>
  <controlfield tag="005">20201125142744.0</controlfield>
  <controlfield tag="008">201125|n|aznnnaabn           n a|a      </controlfield>
  <datafield tag="040" ind1=" " ind2=" ">
    <subfield code="a">ABA004</subfield>
    <subfield code="b">cze</subfield>
    <subfield code="e">rda</subfield>
  </datafield>
  <datafield tag="100" ind1="1" ind2=" ">
    <subfield code="a">Kibirov, Timur Jur'jevič,</subfield>
    <subfield code="d">1955-</subfield>
    <subfield code="t">Skvoz‘ proščal‘nyje slezy</subfield>
    <subfield code="7">aun20201094321</subfield>
  </datafield>
  <datafield tag="670" ind1=" " ind2=" ">
    <subfield code="a">Lejbov, Roman G.: "Gospod‘! Prosti Sovetskomu Sojuzu!" : poèma Timura Kibirova "Skvoz‘ proščal‘nyje slezy" : opyt čtenija, Moskva, 2020</subfield>
  </datafield>
  <datafield tag="906" ind1=" " ind2=" ">
    <subfield code="a">za20201125</subfield>
    <subfield code="b">jado</subfield>
  </datafield>
</record>