

<record>
  <leader>     nz  a22     n  4500</leader>
  <controlfield tag="001">aun20201094334</controlfield>
  <controlfield tag="003">CZ PrNK</controlfield>
  <controlfield tag="005">20201125154857.0</controlfield>
  <controlfield tag="008">201125|n|acnnnaabn           n a|a      </controlfield>
  <datafield tag="040" ind1=" " ind2=" ">
    <subfield code="a">ABA001</subfield>
    <subfield code="b">cze</subfield>
  </datafield>
  <datafield tag="100" ind1="0" ind2=" ">
    <subfield code="a">Rimbert,</subfield>
    <subfield code="c">z Brém-Hamburku, svatý,</subfield>
    <subfield code="d">asi 830-888.</subfield>
    <subfield code="t">Vita Anskarii</subfield>
    <subfield code="7">aun20201094334</subfield>
  </datafield>
  <datafield tag="400" ind1="0" ind2=" ">
    <subfield code="a">Rimbert,</subfield>
    <subfield code="c">z Brém-Hamburku, svatý,</subfield>
    <subfield code="d">asi 830-888.</subfield>
    <subfield code="t">Vita Ansgarii</subfield>
    <subfield code="0">o</subfield>
  </datafield>
  <datafield tag="400" ind1="0" ind2=" ">
    <subfield code="a">Rimbert,</subfield>
    <subfield code="c">z Brém-Hamburku, svatý,</subfield>
    <subfield code="d">asi 830-888.</subfield>
    <subfield code="t">Rimberti Vita Ansgari</subfield>
    <subfield code="0">o</subfield>
  </datafield>
  <datafield tag="670" ind1=" " ind2=" ">
    <subfield code="a">www(Wikipedia, the free encyclopedia)</subfield>
  </datafield>
  <datafield tag="670" ind1=" " ind2=" ">
    <subfield code="a">Rimbert,z Brém-Hamburku, svatý, asi 830-888: Vita Anskarii. Přeložila Jarmila Bednaříková. Vydání první. Praha : Academia, 2020. 217 stran</subfield>
  </datafield>
  <datafield tag="680" ind1=" " ind2=" ">
    <subfield code="i">Latinská biografie misionáře Skandinávie.</subfield>
  </datafield>
  <datafield tag="700" ind1="0" ind2="7">
    <subfield code="a">Rimbert,</subfield>
    <subfield code="c">z Brém-Hamburku, svatý,</subfield>
    <subfield code="d">asi 830-888.</subfield>
    <subfield code="t">Rimbertův Život Ansgara</subfield>
    <subfield code="2">czenas</subfield>
  </datafield>
  <datafield tag="700" ind1="0" ind2="7">
    <subfield code="a">Rimbert,</subfield>
    <subfield code="c">z Brém-Hamburku, svatý,</subfield>
    <subfield code="d">asi 830-888.</subfield>
    <subfield code="t">Život Ansgara</subfield>
    <subfield code="2">czenas</subfield>
  </datafield>
  <datafield tag="856" ind1="4" ind2="2">
    <subfield code="u">https://cs.wikipedia.org/wiki/Ansgar</subfield>
    <subfield code="4">N</subfield>
  </datafield>
  <datafield tag="906" ind1=" " ind2=" ">
    <subfield code="a">br20201125</subfield>
    <subfield code="b">ipi</subfield>
  </datafield>
</record>