

<record>
  <leader>     nz  a22     n  4500</leader>
  <controlfield tag="001">kv20201094337</controlfield>
  <controlfield tag="003">CZ PrNK</controlfield>
  <controlfield tag="005">20201126072855.0</controlfield>
  <controlfield tag="008">201125|n|aznnnaabn           n a|a      </controlfield>
  <datafield tag="040" ind1=" " ind2=" ">
    <subfield code="a">KVG001</subfield>
    <subfield code="b">cze</subfield>
    <subfield code="d">ABA001</subfield>
    <subfield code="e">rda</subfield>
  </datafield>
  <datafield tag="111" ind1="2" ind2=" ">
    <subfield code="a">Pohárek (plavecký závod)</subfield>
    <subfield code="n">(18. :</subfield>
    <subfield code="d">2020 :</subfield>
    <subfield code="c">Sokolov, Česko)</subfield>
    <subfield code="7">kv20201094337</subfield>
  </datafield>
  <datafield tag="368" ind1=" " ind2=" ">
    <subfield code="a">sportovní akce</subfield>
    <subfield code="a">plavecké závody</subfield>
  </datafield>
  <datafield tag="370" ind1=" " ind2=" ">
    <subfield code="c">Česko</subfield>
    <subfield code="e">Sokolov, Česko</subfield>
  </datafield>
  <datafield tag="372" ind1=" " ind2=" ">
    <subfield code="a">plavání</subfield>
    <subfield code="a">sportovci se zdravotním postižením</subfield>
  </datafield>
  <datafield tag="377" ind1=" " ind2=" ">
    <subfield code="a">cze</subfield>
  </datafield>
  <datafield tag="411" ind1="2" ind2=" ">
    <subfield code="a">Pohárek 2020 (plavecký závod)</subfield>
    <subfield code="c">(Sokolov, Česko)</subfield>
    <subfield code="0">o</subfield>
  </datafield>
  <datafield tag="670" ind1=" " ind2=" ">
    <subfield code="a">Mrhálek, P.: Padly hned dva evropské rekordy. In: Mladá fronta Dnes - Karlovarský kraj. Roč. 31, č. 229 (20201001), s. 17</subfield>
  </datafield>
  <datafield tag="670" ind1=" " ind2=" ">
    <subfield code="a">www (Kontakt bB plavecká akademie bez bariér - XVIII. Pohárek 2020), cit. 25. 11. 2020</subfield>
  </datafield>
  <datafield tag="906" ind1=" " ind2=" ">
    <subfield code="a">za20201125</subfield>
    <subfield code="b">idus</subfield>
  </datafield>
  <datafield tag="906" ind1=" " ind2=" ">
    <subfield code="a">vr20201126</subfield>
    <subfield code="b">svsv</subfield>
  </datafield>
</record>