

<record>
  <leader>     nz  a22     n  4500</leader>
  <controlfield tag="001">kv20201094339</controlfield>
  <controlfield tag="003">CZ PrNK</controlfield>
  <controlfield tag="005">20201126072921.0</controlfield>
  <controlfield tag="008">201125|n|aznnnaabn           n a|a      </controlfield>
  <datafield tag="040" ind1=" " ind2=" ">
    <subfield code="a">KVG001</subfield>
    <subfield code="b">cze</subfield>
    <subfield code="d">ABA001</subfield>
    <subfield code="e">rda</subfield>
  </datafield>
  <datafield tag="111" ind1="2" ind2=" ">
    <subfield code="a">Týden knihoven (akce)</subfield>
    <subfield code="d">(2020 :</subfield>
    <subfield code="c">Česko)</subfield>
    <subfield code="7">kv20201094339</subfield>
  </datafield>
  <datafield tag="368" ind1=" " ind2=" ">
    <subfield code="a">kulturní akce</subfield>
  </datafield>
  <datafield tag="370" ind1=" " ind2=" ">
    <subfield code="c">Česko</subfield>
  </datafield>
  <datafield tag="372" ind1=" " ind2=" ">
    <subfield code="a">knihovnictví</subfield>
    <subfield code="a">čtenářství</subfield>
    <subfield code="a">činnost knihoven</subfield>
  </datafield>
  <datafield tag="377" ind1=" " ind2=" ">
    <subfield code="a">cze</subfield>
  </datafield>
  <datafield tag="511" ind1="2" ind2=" ">
    <subfield code="a">Týden knihoven (akce)</subfield>
    <subfield code="7">ko2008417001</subfield>
  </datafield>
  <datafield tag="670" ind1=" " ind2=" ">
    <subfield code="a">Buriánek, J.: Zajděte do knihovny. In: Chebský deník. Č. 233 (20201006), s. 1</subfield>
  </datafield>
  <datafield tag="670" ind1=" " ind2=" ">
    <subfield code="a">www (SKIP - přehled připravovaných akcí 2020, Týden knihoven 5. 10.-11. 10. - 24. ročník), cit. 25. 11. 2020</subfield>
  </datafield>
  <datafield tag="680" ind1=" " ind2=" ">
    <subfield code="i">Toto záhlaví se používá pouze při monografickém zpracování publikace.</subfield>
  </datafield>
  <datafield tag="906" ind1=" " ind2=" ">
    <subfield code="a">za20201125</subfield>
    <subfield code="b">idus</subfield>
  </datafield>
  <datafield tag="906" ind1=" " ind2=" ">
    <subfield code="a">vr20201126</subfield>
    <subfield code="b">svsv</subfield>
  </datafield>
</record>