

<record>
  <leader>     nz  a22     n  4500</leader>
  <controlfield tag="001">mub20201094356</controlfield>
  <controlfield tag="003">CZ PrNK</controlfield>
  <controlfield tag="005">20201126093806.0</controlfield>
  <controlfield tag="008">201125|n|aznnnaabn           n a|a      </controlfield>
  <datafield tag="040" ind1=" " ind2=" ">
    <subfield code="a">BOD114</subfield>
    <subfield code="b">cze</subfield>
    <subfield code="d">ABA001</subfield>
    <subfield code="e">rda</subfield>
  </datafield>
  <datafield tag="046" ind1=" " ind2=" ">
    <subfield code="f">1929</subfield>
    <subfield code="g">2002</subfield>
  </datafield>
  <datafield tag="100" ind1="1" ind2=" ">
    <subfield code="a">Drzał, Maria,</subfield>
    <subfield code="d">1929-2002</subfield>
    <subfield code="7">mub20201094356</subfield>
  </datafield>
  <datafield tag="370" ind1=" " ind2=" ">
    <subfield code="c">Polsko</subfield>
  </datafield>
  <datafield tag="372" ind1=" " ind2=" ">
    <subfield code="a">geografie</subfield>
    <subfield code="a">přírodní památky</subfield>
    <subfield code="a">přírodní rezervace</subfield>
    <subfield code="a">ochrana přírody</subfield>
  </datafield>
  <datafield tag="374" ind1=" " ind2=" ">
    <subfield code="a">geografky</subfield>
    <subfield code="a">ekoložky</subfield>
  </datafield>
  <datafield tag="375" ind1=" " ind2=" ">
    <subfield code="a">žena</subfield>
  </datafield>
  <datafield tag="377" ind1=" " ind2=" ">
    <subfield code="a">pol</subfield>
  </datafield>
  <datafield tag="400" ind1="1" ind2=" ">
    <subfield code="a">Drzał, Maria Leonarda,</subfield>
    <subfield code="d">1929-2002</subfield>
    <subfield code="0">o</subfield>
  </datafield>
  <datafield tag="670" ind1=" " ind2=" ">
    <subfield code="a">Alexandrowicz, Zofia - Drzał, Maria - Kozłowski, Stefan: Katalog rezerwatów i pomników przyrody nieożywionej w Polsce, 1975</subfield>
  </datafield>
  <datafield tag="670" ind1=" " ind2=" ">
    <subfield code="a">NUKAT, cit. 25. 11. 2020</subfield>
    <subfield code="b">autoritní forma, datum úmrtí, odkaz viz</subfield>
  </datafield>
  <datafield tag="670" ind1=" " ind2=" ">
    <subfield code="a">BNPL, cit. 25. 11. 2020</subfield>
    <subfield code="b">publikační zaměření, profesní údaje, datum narození</subfield>
  </datafield>
  <datafield tag="678" ind1="0" ind2=" ">
    <subfield code="a">Polská geoložka a ekoložka, specialistka na přírodní rezervace a přírodní památky.</subfield>
  </datafield>
  <datafield tag="906" ind1=" " ind2=" ">
    <subfield code="a">ko20201125</subfield>
    <subfield code="b">pospel</subfield>
  </datafield>
  <datafield tag="906" ind1=" " ind2=" ">
    <subfield code="a">vr20201126</subfield>
    <subfield code="b">maku</subfield>
  </datafield>
</record>