

<record>
  <leader>     nz  a22     n  4500</leader>
  <controlfield tag="001">aun20201094367</controlfield>
  <controlfield tag="003">CZ PrNK</controlfield>
  <controlfield tag="005">20201126064031.0</controlfield>
  <controlfield tag="008">201126|n|aznnnaabn           n a|a      </controlfield>
  <datafield tag="040" ind1=" " ind2=" ">
    <subfield code="a">ABA001</subfield>
    <subfield code="b">cze</subfield>
    <subfield code="e">rda</subfield>
  </datafield>
  <datafield tag="100" ind1="1" ind2=" ">
    <subfield code="a">Feuchtwanger, Lion,</subfield>
    <subfield code="d">1884-1958.</subfield>
    <subfield code="t">Söhne.</subfield>
    <subfield code="l">Francouzsky</subfield>
    <subfield code="7">aun20201094367</subfield>
  </datafield>
  <datafield tag="400" ind1="1" ind2=" ">
    <subfield code="a">Feuchtwanger, Lion,</subfield>
    <subfield code="d">1884-1958.</subfield>
    <subfield code="t">Juif de Rome</subfield>
    <subfield code="0">o</subfield>
  </datafield>
  <datafield tag="667" ind1=" " ind2=" ">
    <subfield code="a">Úplný název: Die Söhne; úplný název francouzského překladu: Le Juif de Rome.</subfield>
  </datafield>
  <datafield tag="670" ind1=" " ind2=" ">
    <subfield code="a">Slovník spisovatelů německého jazyka a spisovatelů lužickosrbských : Odeon</subfield>
  </datafield>
  <datafield tag="670" ind1=" " ind2=" ">
    <subfield code="a">DNB, cit. 26. 11. 2020</subfield>
  </datafield>
  <datafield tag="670" ind1=" " ind2=" ">
    <subfield code="a">BNF, cit. 26. 11. 2020</subfield>
  </datafield>
  <datafield tag="856" ind1="4" ind2="2">
    <subfield code="u">https://www.nadirkitap.com/le-juif-de-rome-lion-feuchtwanger-kitap19296430.html</subfield>
    <subfield code="4">N</subfield>
  </datafield>
  <datafield tag="906" ind1=" " ind2=" ">
    <subfield code="a">br20201126</subfield>
    <subfield code="b">blau</subfield>
  </datafield>
  <datafield tag="906" ind1=" " ind2=" ">
    <subfield code="a">ks20201126</subfield>
    <subfield code="b">blau</subfield>
  </datafield>
</record>