

<record>
  <leader>     nz  a22     n  4500</leader>
  <controlfield tag="001">kon20201094380</controlfield>
  <controlfield tag="003">CZ PrNK</controlfield>
  <controlfield tag="005">20201126091039.0</controlfield>
  <controlfield tag="008">201126|n|aznnnaabn           n a|a      </controlfield>
  <datafield tag="040" ind1=" " ind2=" ">
    <subfield code="a">ABA001</subfield>
    <subfield code="b">cze</subfield>
    <subfield code="e">rda</subfield>
  </datafield>
  <datafield tag="110" ind1="2" ind2=" ">
    <subfield code="a">Liga československých motoristů (spolek)</subfield>
    <subfield code="b">Skupina Slaný.</subfield>
    <subfield code="t">Ročenka (Liga československých motoristů (spolek) Skupina Slaný)</subfield>
    <subfield code="7">kon20201094380</subfield>
  </datafield>
  <datafield tag="410" ind1="2" ind2=" ">
    <subfield code="a">Liga československých motoristů (spolek)</subfield>
    <subfield code="b">Skupina Slaný.</subfield>
    <subfield code="t">Ročenka Ligy čsl. motoristů v Slaném</subfield>
    <subfield code="0">o</subfield>
  </datafield>
  <datafield tag="670" ind1=" " ind2=" ">
    <subfield code="a">Ročenka Ligy čsl. motoristů v Slaném. [Slaný] : [nakladatel není známý], [1929-1932?</subfield>
  </datafield>
  <datafield tag="906" ind1=" " ind2=" ">
    <subfield code="a">br20201126</subfield>
    <subfield code="b">juri</subfield>
  </datafield>
  <datafield tag="906" ind1=" " ind2=" ">
    <subfield code="a">ks20201126</subfield>
    <subfield code="b">juri</subfield>
  </datafield>
</record>