

<record>
  <leader>     nz  a22     n  4500</leader>
  <controlfield tag="001">kon20201094383</controlfield>
  <controlfield tag="003">CZ PrNK</controlfield>
  <controlfield tag="005">20201126092450.0</controlfield>
  <controlfield tag="008">201126|n|aznnnaabn           n a|a      </controlfield>
  <datafield tag="040" ind1=" " ind2=" ">
    <subfield code="a">ABA001</subfield>
    <subfield code="b">cze</subfield>
    <subfield code="e">rda</subfield>
  </datafield>
  <datafield tag="110" ind1="2" ind2=" ">
    <subfield code="a">Nové obchodní grémium královského hlavního města Prahy.</subfield>
    <subfield code="t">Výroční zpráva (Nové obchodní grémium královského hlavního města Prahy)</subfield>
    <subfield code="7">kon20201094383</subfield>
  </datafield>
  <datafield tag="410" ind1="2" ind2=" ">
    <subfield code="a">Nové obchodní grémium královského hlavního města Prahy.</subfield>
    <subfield code="t">Jednací zpráva představenstva Nového obchodního gremia král. hlav. města Prahy</subfield>
    <subfield code="0">o</subfield>
  </datafield>
  <datafield tag="670" ind1=" " ind2=" ">
    <subfield code="a">Jednací zpráva představenstva Nového obchodního gremia král. hlav. města Prahy. V Praze : nákladem Nového obchodního gremia král. hlavního města Prahy, [1895-1908?]</subfield>
  </datafield>
  <datafield tag="906" ind1=" " ind2=" ">
    <subfield code="a">br20201126</subfield>
    <subfield code="b">juri</subfield>
  </datafield>
  <datafield tag="906" ind1=" " ind2=" ">
    <subfield code="a">ks20201126</subfield>
    <subfield code="b">juri</subfield>
  </datafield>
</record>