

<record>
  <leader>     nz  a22     n  4500</leader>
  <controlfield tag="001">jo20201094384</controlfield>
  <controlfield tag="003">CZ PrNK</controlfield>
  <controlfield tag="005">20201126092936.0</controlfield>
  <controlfield tag="008">201126|n|aznnnaabn           n a|a      </controlfield>
  <datafield tag="040" ind1=" " ind2=" ">
    <subfield code="a">ABA001</subfield>
    <subfield code="b">cze</subfield>
    <subfield code="e">rda</subfield>
  </datafield>
  <datafield tag="046" ind1=" " ind2=" ">
    <subfield code="f">1959</subfield>
  </datafield>
  <datafield tag="100" ind1="1" ind2=" ">
    <subfield code="a">Prokop, Vladimír,</subfield>
    <subfield code="d">1959-</subfield>
    <subfield code="7">jo20201094384</subfield>
  </datafield>
  <datafield tag="370" ind1=" " ind2=" ">
    <subfield code="c">Česko</subfield>
  </datafield>
  <datafield tag="372" ind1=" " ind2=" ">
    <subfield code="a">archeologie</subfield>
    <subfield code="a">pravěk</subfield>
  </datafield>
  <datafield tag="374" ind1=" " ind2=" ">
    <subfield code="a">archeologové</subfield>
  </datafield>
  <datafield tag="375" ind1=" " ind2=" ">
    <subfield code="a">muž</subfield>
  </datafield>
  <datafield tag="377" ind1=" " ind2=" ">
    <subfield code="a">cze</subfield>
  </datafield>
  <datafield tag="670" ind1=" " ind2=" ">
    <subfield code="a">Mikota, Petr, (ed.) - Trnka, Robert, (ed.): Na stopě (pre)historii jihozápadních Čech. 4, Sborník přátel k životnímu jubileu Vladimíra Prokopa. Vydání 1. Plzeň: Ing. Petr Mikota, 2020</subfield>
    <subfield code="b">autoritní forma, úplné datum narození</subfield>
  </datafield>
  <datafield tag="678" ind1="0" ind2=" ">
    <subfield code="a">Narozen 15. 10. 1959. Archeolog se specializací na výzkum pravěku (zejména eneolitu).</subfield>
  </datafield>
  <datafield tag="906" ind1=" " ind2=" ">
    <subfield code="a">br20201126</subfield>
    <subfield code="b">lisi</subfield>
  </datafield>
</record>