

<record>
  <leader>     nz  a22     n  4500</leader>
  <controlfield tag="001">ge1094393</controlfield>
  <controlfield tag="003">CZ PrNK</controlfield>
  <controlfield tag="005">20201127092749.0</controlfield>
  <controlfield tag="008">201126|n|acznnbabn           n a|a      </controlfield>
  <datafield tag="034" ind1=" " ind2=" ">
    <subfield code="d">E022.3576</subfield>
    <subfield code="e">E022.3576</subfield>
    <subfield code="f">N046.6674</subfield>
    <subfield code="g">N046.6674</subfield>
  </datafield>
  <datafield tag="040" ind1=" " ind2=" ">
    <subfield code="a">BOD004</subfield>
    <subfield code="b">cze</subfield>
    <subfield code="d">ABA001</subfield>
  </datafield>
  <datafield tag="043" ind1=" " ind2=" ">
    <subfield code="a">e-rm---</subfield>
  </datafield>
  <datafield tag="080" ind1=" " ind2=" ">
    <subfield code="a">(498)</subfield>
    <subfield code="2">MRF_2014</subfield>
  </datafield>
  <datafield tag="151" ind1=" " ind2=" ">
    <subfield code="a">Beiuş (Rumunsko : oblast)</subfield>
    <subfield code="7">ge1094393</subfield>
  </datafield>
  <datafield tag="551" ind1=" " ind2=" ">
    <subfield code="a">Beiuş (Rumunsko)</subfield>
    <subfield code="7">ge1093453</subfield>
  </datafield>
  <datafield tag="751" ind1="0" ind2="7">
    <subfield code="a">Beiuş Region (Romania)</subfield>
    <subfield code="2">eczenas</subfield>
  </datafield>
  <datafield tag="GPS" ind1=" " ind2=" ">
    <subfield code="a">46°40'2.8"N</subfield>
    <subfield code="c">22°21'27.3"E</subfield>
  </datafield>
  <datafield tag="956" ind1="4" ind2=" ">
    <subfield code="u">http://aleph.nkp.cz/aleph-cgi/show_map?ll=46.66744,22.35758&amp;z=12</subfield>
    <subfield code="y">Zobrazit na mapě</subfield>
    <subfield code="4">N</subfield>
  </datafield>
  <datafield tag="906" ind1=" " ind2=" ">
    <subfield code="a">za20201126</subfield>
    <subfield code="b">kourilova</subfield>
  </datafield>
  <datafield tag="906" ind1=" " ind2=" ">
    <subfield code="a">wr20201127</subfield>
    <subfield code="b">napo</subfield>
  </datafield>
</record>