

<record>
  <leader>     nz  a22     n  4500</leader>
  <controlfield tag="001">ko20201094402</controlfield>
  <controlfield tag="003">CZ PrNK</controlfield>
  <controlfield tag="005">20201126101903.0</controlfield>
  <controlfield tag="008">201126|n|aznnnaabn           n a|a      </controlfield>
  <datafield tag="040" ind1=" " ind2=" ">
    <subfield code="a">ABA001</subfield>
    <subfield code="b">cze</subfield>
    <subfield code="e">rda</subfield>
  </datafield>
  <datafield tag="110" ind1="2" ind2=" ">
    <subfield code="a">Jednota chmelařská v Žatci.</subfield>
    <subfield code="b">Český odbor</subfield>
    <subfield code="7">ko20201094402</subfield>
  </datafield>
  <datafield tag="368" ind1=" " ind2=" ">
    <subfield code="a">spolky</subfield>
    <subfield code="a">profesní svazy</subfield>
    <subfield code="a">instituce a organizace</subfield>
  </datafield>
  <datafield tag="370" ind1=" " ind2=" ">
    <subfield code="c">Česko</subfield>
    <subfield code="e">Žatec, Louny, Česko</subfield>
    <subfield code="f">Československo</subfield>
  </datafield>
  <datafield tag="372" ind1=" " ind2=" ">
    <subfield code="a">chmelařství</subfield>
  </datafield>
  <datafield tag="377" ind1=" " ind2=" ">
    <subfield code="a">cze</subfield>
  </datafield>
  <datafield tag="410" ind1="2" ind2=" ">
    <subfield code="a">Český odbor Jednoty chmelařské v Žatci</subfield>
    <subfield code="0">o</subfield>
  </datafield>
  <datafield tag="670" ind1=" " ind2=" ">
    <subfield code="a">Výroční zpráva Českého odboru Jednoty chmelařské v Žatci</subfield>
    <subfield code="b">autoritní forma</subfield>
  </datafield>
  <datafield tag="906" ind1=" " ind2=" ">
    <subfield code="a">br20201126</subfield>
    <subfield code="b">svsv</subfield>
  </datafield>
</record>