

<record>
  <leader>     nz  a22     n  4500</leader>
  <controlfield tag="001">jo20201094413</controlfield>
  <controlfield tag="003">CZ PrNK</controlfield>
  <controlfield tag="005">20201126104409.0</controlfield>
  <controlfield tag="008">201126|n|aznnnaabn           n a|a      </controlfield>
  <datafield tag="024" ind1="7" ind2=" ">
    <subfield code="a">0000000396138778</subfield>
    <subfield code="2">isni</subfield>
  </datafield>
  <datafield tag="040" ind1=" " ind2=" ">
    <subfield code="a">ABA001</subfield>
    <subfield code="b">cze</subfield>
    <subfield code="e">rda</subfield>
  </datafield>
  <datafield tag="046" ind1=" " ind2=" ">
    <subfield code="f">1984</subfield>
  </datafield>
  <datafield tag="100" ind1="1" ind2=" ">
    <subfield code="a">Lampadaridi, Anna,</subfield>
    <subfield code="d">1984-</subfield>
    <subfield code="7">jo20201094413</subfield>
  </datafield>
  <datafield tag="368" ind1=" " ind2=" ">
    <subfield code="d">Docteur en études grecques, Université Paris IV-Sorbonne</subfield>
    <subfield code="s">2011</subfield>
  </datafield>
  <datafield tag="370" ind1=" " ind2=" ">
    <subfield code="c">Řecko</subfield>
    <subfield code="c">Francie</subfield>
  </datafield>
  <datafield tag="372" ind1=" " ind2=" ">
    <subfield code="a">klasická filologie</subfield>
    <subfield code="a">starověké rukopisy</subfield>
    <subfield code="a">středověké rukopisy</subfield>
    <subfield code="a">medievalistika</subfield>
    <subfield code="a">řečtina</subfield>
  </datafield>
  <datafield tag="374" ind1=" " ind2=" ">
    <subfield code="a">klasické filoložky</subfield>
  </datafield>
  <datafield tag="375" ind1=" " ind2=" ">
    <subfield code="a">žena</subfield>
  </datafield>
  <datafield tag="377" ind1=" " ind2=" ">
    <subfield code="a">fre</subfield>
    <subfield code="a">grc</subfield>
    <subfield code="a">gre</subfield>
  </datafield>
  <datafield tag="400" ind1="1" ind2=" ">
    <subfield code="a">Lampadaridē, Anna,</subfield>
    <subfield code="d">1984-</subfield>
    <subfield code="0">o</subfield>
  </datafield>
  <datafield tag="670" ind1=" " ind2=" ">
    <subfield code="a">Binggeli, André, (ed.) - Cassin, Matthieu, (ed.) - Detoraki, Marina, (ed.): Bibliothèques grecques dans l'Empire ottoman; ; avec la collaboration d'Anna Lampadaridi. Turnhout, Belgium: Brepols, 2020</subfield>
  </datafield>
  <datafield tag="670" ind1=" " ind2=" ">
    <subfield code="a">BNF, cit. 26. 11. 2020</subfield>
    <subfield code="b">autoritní forma, biografické údaje, rok narození, pole 368</subfield>
  </datafield>
  <datafield tag="670" ind1=" " ind2=" ">
    <subfield code="a">LC (Names), cit. 26. 11. 2020</subfield>
    <subfield code="b">biografické údaje, odkaz viz, pole 370, 375, 377</subfield>
  </datafield>
  <datafield tag="678" ind1="0" ind2=" ">
    <subfield code="a">Klasická filoložka, specializace na středověké a starověké rukopisy psané v řečtině.</subfield>
  </datafield>
  <datafield tag="906" ind1=" " ind2=" ">
    <subfield code="a">br20201126</subfield>
    <subfield code="b">lisi</subfield>
  </datafield>
</record>