

<record>
  <leader>     nz  a22     n  4500</leader>
  <controlfield tag="001">kon20201094423</controlfield>
  <controlfield tag="003">CZ PrNK</controlfield>
  <controlfield tag="005">20201126111046.0</controlfield>
  <controlfield tag="008">201126|n|aznnnaabn           n a|a      </controlfield>
  <datafield tag="040" ind1=" " ind2=" ">
    <subfield code="a">ABA001</subfield>
    <subfield code="b">cze</subfield>
    <subfield code="e">rda</subfield>
  </datafield>
  <datafield tag="110" ind1="1" ind2=" ">
    <subfield code="a">Československo.</subfield>
    <subfield code="t">Správní právo.</subfield>
    <subfield code="l">Německy</subfield>
    <subfield code="7">kon20201094423</subfield>
  </datafield>
  <datafield tag="670" ind1=" " ind2=" ">
    <subfield code="a">www(Wikipedie, otevřená encyklopedie)</subfield>
  </datafield>
  <datafield tag="670" ind1=" " ind2=" ">
    <subfield code="a">Das Handbuch der Gemeinden enthaltend alle Gesetze und Verordnungen über die Verwaltungsaufgaben / von Hans Senn. Reichenberg : Gebrüder Stiepel Gesellschaft m. b. H., 1924-1925</subfield>
  </datafield>
  <datafield tag="680" ind1=" " ind2=" ">
    <subfield code="i">Skupinový unifikovaný název pro sbírku obsahující zákony a právní normy upravující státní moc, veřejnou správu a územní samosprávu.</subfield>
  </datafield>
  <datafield tag="906" ind1=" " ind2=" ">
    <subfield code="a">br20201126</subfield>
    <subfield code="b">jasv</subfield>
  </datafield>
  <datafield tag="906" ind1=" " ind2=" ">
    <subfield code="a">ks20201126</subfield>
    <subfield code="b">jasv</subfield>
  </datafield>
</record>