

<record>
  <leader>     cz  a22     n  4500</leader>
  <datafield tag="900" ind1=" " ind2=" ">
    <subfield code="a">J-NÁVRH-STT</subfield>
  </datafield>
  <controlfield tag="001">ntk20201094434</controlfield>
  <controlfield tag="003">CZ PrNK</controlfield>
  <controlfield tag="005">20201126143432.0</controlfield>
  <controlfield tag="008">201126|n|aznnnaabn           n a|a      </controlfield>
  <datafield tag="040" ind1=" " ind2=" ">
    <subfield code="a">ABA013</subfield>
    <subfield code="b">cze</subfield>
    <subfield code="e">rda</subfield>
  </datafield>
  <datafield tag="046" ind1=" " ind2=" ">
    <subfield code="f">1718</subfield>
    <subfield code="g">1783</subfield>
  </datafield>
  <datafield tag="100" ind1="1" ind2=" ">
    <subfield code="a">Gleixner, Franciscus,</subfield>
    <subfield code="d">1718-1783</subfield>
    <subfield code="7">ntk20201094434</subfield>
  </datafield>
  <datafield tag="MOR" ind1="0" ind2=" ">
    <subfield code="a">Gleixner, František,</subfield>
    <subfield code="d">1718-1783</subfield>
    <subfield code="7">ntk20201094434</subfield>
  </datafield>
  <datafield tag="368" ind1=" " ind2=" ">
    <subfield code="d">Universitate Professore Regio, Publico, ac Ordinario</subfield>
    <subfield code="d">Philosophiæ Doctore</subfield>
  </datafield>
  <datafield tag="368" ind1=" " ind2=" ">
    <subfield code="d">SI</subfield>
    <subfield code="s">1733</subfield>
  </datafield>
  <datafield tag="370" ind1=" " ind2=" ">
    <subfield code="a">Vratislav, Polsko</subfield>
    <subfield code="b">Kladsko, Polsko</subfield>
    <subfield code="c">Polsko</subfield>
    <subfield code="c">Česko</subfield>
    <subfield code="f">Kladsko, Polsko</subfield>
    <subfield code="f">Praha, Česko</subfield>
  </datafield>
  <datafield tag="372" ind1=" " ind2=" ">
    <subfield code="a">filozofie, katolická teologie, jezuitská pedagogika</subfield>
  </datafield>
  <datafield tag="373" ind1=" " ind2=" ">
    <subfield code="a">Jezuité</subfield>
    <subfield code="s">1733</subfield>
  </datafield>
  <datafield tag="374" ind1=" " ind2=" ">
    <subfield code="a">filozofové</subfield>
    <subfield code="a">teologové</subfield>
    <subfield code="a">vysokoškolští učitelé</subfield>
  </datafield>
  <datafield tag="375" ind1=" " ind2=" ">
    <subfield code="a">muž</subfield>
  </datafield>
  <datafield tag="377" ind1=" " ind2=" ">
    <subfield code="a">lat</subfield>
  </datafield>
  <datafield tag="400" ind1="1" ind2=" ">
    <subfield code="a">Gleixner, František,</subfield>
    <subfield code="d">1718-1783</subfield>
    <subfield code="0">o</subfield>
  </datafield>
  <datafield tag="400" ind1="1" ind2=" ">
    <subfield code="a">Gleixner, Francisco,</subfield>
    <subfield code="d">1718-1783</subfield>
    <subfield code="0">o</subfield>
  </datafield>
  <datafield tag="400" ind1="1" ind2=" ">
    <subfield code="a">Gleixner, Franz,</subfield>
    <subfield code="d">1718-1783</subfield>
    <subfield code="0">o</subfield>
  </datafield>
  <datafield tag="400" ind1="1" ind2=" ">
    <subfield code="a">Gleixner, F.,</subfield>
    <subfield code="d">1718-1783</subfield>
    <subfield code="0">o</subfield>
  </datafield>
  <datafield tag="400" ind1="1" ind2=" ">
    <subfield code="a">Gleixner, Franc,</subfield>
    <subfield code="d">1718-1783</subfield>
    <subfield code="0">o</subfield>
  </datafield>
  <datafield tag="670" ind1=" " ind2=" ">
    <subfield code="a">EXERCITATIONES GEOMETRICO-ANALYTICÆ ... A R. P. JOSEPHO STEPLING ... Dum A finito Philosophiæ Biennio IN MAGNA AULA CAROLINA PROMOTORE Reverendo, ac Doctissimo Patre P. FRANCISCO GLEIXNER E SOCIETATE JESU ... Pragæ: Typis Universitatis Carolo-Ferdinandeæ Soc. JESU ad S. Clementem, [1751]</subfield>
    <subfield code="b">profese a místo působení</subfield>
    <subfield code="u">http://data.onb.ac.at/rep/10383EC1</subfield>
  </datafield>
  <datafield tag="670" ind1=" " ind2=" ">
    <subfield code="a">DISCURSUS PHILOSOPHICUS ... P. FRANCISCO GLEIXNER SOCIETATIS JESU, ... Pragæ: Typis Universitatis Carolo-Ferdinandeæ in Collegio S. J. ad S.Clement, [ca 1750]</subfield>
    <subfield code="b">akademické tituly</subfield>
    <subfield code="u">http://books.google.cz/books?vid=NKP:1002303157&amp;printsec=frontcover</subfield>
  </datafield>
  <datafield tag="670" ind1=" " ind2=" ">
    <subfield code="a">www(reholnici.hiu.cas.cz [databáze], Gleixner, Franciscus, SJ, 1718-1783), cit. 26. 11. 2020</subfield>
    <subfield code="b">datum a místo narození a úmrtí, národnost</subfield>
    <subfield code="u">http://reholnici.hiu.cas.cz/katalog/lat/l.dll?hal~1000147722</subfield>
  </datafield>
  <datafield tag="670" ind1=" " ind2=" ">
    <subfield code="a">Gleixner František, 1718-1783. In: NOVÝ VELKÝ ILUSTROVANÝ SLOVNÍK NAUČNÝ. SVAZEK VIII., FUSE-HERTVÍK. V PRAZE, 1930</subfield>
    <subfield code="b">odkaz viz, biografické a profesní údaje na s. 110</subfield>
    <subfield code="u">https://archive.org/details/slovnik_naucny-8/page/n106/mode/1up</subfield>
  </datafield>
  <datafield tag="670" ind1=" " ind2=" ">
    <subfield code="a">BNPL, cit. 26. 11. 2020</subfield>
    <subfield code="b">autoritní forma</subfield>
  </datafield>
  <datafield tag="670" ind1=" " ind2=" ">
    <subfield code="a">DNB, cit. 26. 11. 2020</subfield>
    <subfield code="b">odkaz viz, datum činnosti</subfield>
    <subfield code="u">http://d-nb.info/gnd/1166572072</subfield>
  </datafield>
  <datafield tag="675" ind1=" " ind2=" ">
    <subfield code="a">NUKAT, cit. 26. 11. 2020</subfield>
  </datafield>
  <datafield tag="678" ind1="0" ind2=" ">
    <subfield code="a">Slezský filozof a učitel. Narozen 28. 3. 1718 ve Vroclavi, zemřel 24. 12. 1783 v Kladsku (Polsko). Od r. 1733 byl členem řádu Tovaryšstva Ježíšova. V polském Kladsku působil v Koleji Panny Marie (Collegium B. V. Mariae Glacense). Působil též jako řádný profesor filozofie na Karlo-Ferdinandově universitě v Praze. Byl publikačně činný, vydal také spis o aristotelské filozofii (Praha, 1750).</subfield>
  </datafield>
  <datafield tag="906" ind1=" " ind2=" ">
    <subfield code="a">za20201126</subfield>
    <subfield code="b">evbr</subfield>
  </datafield>
  <datafield tag="906" ind1=" " ind2=" ">
    <subfield code="a">oz20201126</subfield>
    <subfield code="b">evbr</subfield>
    <subfield code="c">Záhlaví - změna na viz</subfield>
  </datafield>
</record>