

<record>
  <leader>     nz  a22     n  4500</leader>
  <controlfield tag="001">ko20201094441</controlfield>
  <controlfield tag="003">CZ PrNK</controlfield>
  <controlfield tag="005">20201126120414.0</controlfield>
  <controlfield tag="008">201126|n|aznnnaabn           n a|a      </controlfield>
  <datafield tag="040" ind1=" " ind2=" ">
    <subfield code="a">ABA001</subfield>
    <subfield code="b">cze</subfield>
    <subfield code="e">rda</subfield>
  </datafield>
  <datafield tag="110" ind1="2" ind2=" ">
    <subfield code="a">Galerie Pictura (Praha, Česko)</subfield>
    <subfield code="7">ko20201094441</subfield>
  </datafield>
  <datafield tag="368" ind1=" " ind2=" ">
    <subfield code="a">galerie</subfield>
    <subfield code="a">firmy</subfield>
    <subfield code="a">společnosti s ručením omezeným</subfield>
  </datafield>
  <datafield tag="370" ind1=" " ind2=" ">
    <subfield code="c">Česko</subfield>
    <subfield code="e">Praha, Česko</subfield>
  </datafield>
  <datafield tag="372" ind1=" " ind2=" ">
    <subfield code="a">výstavnictví</subfield>
    <subfield code="a">výtvarné umění</subfield>
    <subfield code="a">umělecké aukce</subfield>
    <subfield code="a">obchod s uměním</subfield>
  </datafield>
  <datafield tag="377" ind1=" " ind2=" ">
    <subfield code="a">cze</subfield>
  </datafield>
  <datafield tag="410" ind1="2" ind2=" ">
    <subfield code="a">Galerie Pictura, spol. s r.o.</subfield>
    <subfield code="0">o</subfield>
  </datafield>
  <datafield tag="670" ind1=" " ind2=" ">
    <subfield code="a">www(Galerie Pictura), cit. 26.11. 2020</subfield>
    <subfield code="u">https://www.pictura.cz/</subfield>
  </datafield>
  <datafield tag="906" ind1=" " ind2=" ">
    <subfield code="a">br20201126</subfield>
    <subfield code="b">svsv</subfield>
  </datafield>
</record>