

<record>
  <leader>     nz  a22     n  4500</leader>
  <controlfield tag="001">kon20201094442</controlfield>
  <controlfield tag="003">CZ PrNK</controlfield>
  <controlfield tag="005">20201126120544.0</controlfield>
  <controlfield tag="008">201126|n|aznnnaabn           n a|a      </controlfield>
  <datafield tag="040" ind1=" " ind2=" ">
    <subfield code="a">ABA001</subfield>
    <subfield code="b">cze</subfield>
    <subfield code="e">rda</subfield>
  </datafield>
  <datafield tag="110" ind1="2" ind2=" ">
    <subfield code="a">Československá obchodní akademie (Mladá Boleslav, Česko).</subfield>
    <subfield code="t">Výroční zpráva (Československá obchodní akademie (Mladá Boleslav, Česko))</subfield>
    <subfield code="7">kon20201094442</subfield>
  </datafield>
  <datafield tag="410" ind1="2" ind2=" ">
    <subfield code="a">Československá obchodní akademie (Mladá Boleslav, Česko).</subfield>
    <subfield code="t">Roční zpráva Československé obchodní akademie (Veřejné školy obchodní) v Mladé Boleslavi</subfield>
    <subfield code="0">o</subfield>
  </datafield>
  <datafield tag="670" ind1=" " ind2=" ">
    <subfield code="a">... roční zpráva Československé obchodní akademie (... Veřejné školy obchodní) v Mladé Boleslavi. V Mladé Boleslavi : nákladem kuratoria obchodní akademie, [1936]-1947</subfield>
  </datafield>
  <datafield tag="906" ind1=" " ind2=" ">
    <subfield code="a">br20201126</subfield>
    <subfield code="b">juri</subfield>
  </datafield>
  <datafield tag="906" ind1=" " ind2=" ">
    <subfield code="a">ks20201126</subfield>
    <subfield code="b">juri</subfield>
  </datafield>
</record>