

<record>
  <leader>     nz  a22     n  4500</leader>
  <controlfield tag="001">jo20201094450</controlfield>
  <controlfield tag="003">CZ PrNK</controlfield>
  <controlfield tag="005">20201126123810.0</controlfield>
  <controlfield tag="008">201126|n|aznnnaabn           n a|a      </controlfield>
  <datafield tag="024" ind1="7" ind2=" ">
    <subfield code="a">Q28793179</subfield>
    <subfield code="2">wikidata</subfield>
  </datafield>
  <datafield tag="040" ind1=" " ind2=" ">
    <subfield code="a">ABA001</subfield>
    <subfield code="b">cze</subfield>
    <subfield code="e">rda</subfield>
  </datafield>
  <datafield tag="046" ind1=" " ind2=" ">
    <subfield code="f">1964</subfield>
    <subfield code="g">1997</subfield>
  </datafield>
  <datafield tag="100" ind1="1" ind2=" ">
    <subfield code="a">Sýkora, Miroslav,</subfield>
    <subfield code="d">1964-1997</subfield>
    <subfield code="7">jo20201094450</subfield>
  </datafield>
  <datafield tag="370" ind1=" " ind2=" ">
    <subfield code="c">Slovensko</subfield>
  </datafield>
  <datafield tag="374" ind1=" " ind2=" ">
    <subfield code="a">podnikatelé</subfield>
    <subfield code="a">zločinci</subfield>
  </datafield>
  <datafield tag="375" ind1=" " ind2=" ">
    <subfield code="a">muž</subfield>
  </datafield>
  <datafield tag="670" ind1=" " ind2=" ">
    <subfield code="a">Murín, Gustáv: Mafiánsky gang Sýkorovcov: kompletná história najstaršej slovenskej mafiánskej skupiny. 1. vydanie. Bratislava: Marenčin PT, 2019</subfield>
  </datafield>
  <datafield tag="670" ind1=" " ind2=" ">
    <subfield code="a">www(Wikipédia, slobodná encyklopédia), cit. 26. 11. 2020</subfield>
    <subfield code="b">autoritní forma, biografické údaje, životní data, národnost</subfield>
    <subfield code="u">https://sk.wikipedia.org/wiki/Miroslav_S%C3%BDkora_(1964)</subfield>
  </datafield>
  <datafield tag="675" ind1=" " ind2=" ">
    <subfield code="a">SNK, cit. 26. 11. 2020;</subfield>
    <subfield code="a">SKK SR, cit. 26. 11. 2020</subfield>
  </datafield>
  <datafield tag="678" ind1="0" ind2=" ">
    <subfield code="a">Slovenský podnikateľ a zakladateľ zločineckej skupiny Sýkorovci.</subfield>
  </datafield>
  <datafield tag="906" ind1=" " ind2=" ">
    <subfield code="a">br20201126</subfield>
    <subfield code="b">lisi</subfield>
  </datafield>
</record>