

<record>
  <leader>     nz  a22     n  4500</leader>
  <datafield tag="900" ind1=" " ind2=" ">
    <subfield code="a">K-NÁVRH</subfield>
  </datafield>
  <controlfield tag="001">ko20201094451</controlfield>
  <controlfield tag="003">CZ PrNK</controlfield>
  <controlfield tag="005">20201126123919.0</controlfield>
  <controlfield tag="008">201126|n|aznnnaabn           n a|a      </controlfield>
  <datafield tag="040" ind1=" " ind2=" ">
    <subfield code="a">ABA001</subfield>
    <subfield code="b">cze</subfield>
    <subfield code="e">rda</subfield>
  </datafield>
  <datafield tag="110" ind1="2" ind2=" ">
    <subfield code="a">Rotunda sv. Václava (Praha, Česko)</subfield>
    <subfield code="7">ko20201094451</subfield>
  </datafield>
  <datafield tag="370" ind1="*" ind2=" ">
    <subfield code="c">Česko</subfield>
  </datafield>
  <datafield tag="670" ind1=" " ind2=" ">
    <subfield code="a">Jarmila Čiháková, Martin Müller ; přispěli: Michal Cihla, Petr Hadrava, Jiří Havel, Petr Hlavín, Alexandra Kloužková et al., Naďa Profantová, Zuzana Slížková et al., Olga Trojánková, Jaroslav Valečka, Jan Zavřel, Vladimír Žáček: Malostranská rotunda svatého Václava v Praze = Rotunda of St. Wenceslaus in Prague's Malá Strana</subfield>
  </datafield>
  <datafield tag="906" ind1=" " ind2=" ">
    <subfield code="a">za20201126</subfield>
    <subfield code="b">kvfu</subfield>
  </datafield>
</record>