

<record>
  <leader>     nz  a22     n  4500</leader>
  <datafield tag="900" ind1=" " ind2=" ">
    <subfield code="a">*J-NÁVRH</subfield>
  </datafield>
  <controlfield tag="001">mzk20201094456</controlfield>
  <controlfield tag="003">CZ PrNK</controlfield>
  <controlfield tag="005">20201126125331.0</controlfield>
  <controlfield tag="008">201126|n|aznnnaabn           n a|a      </controlfield>
  <datafield tag="024" ind1="7" ind2=" ">
    <subfield code="a">0000000046591054</subfield>
    <subfield code="2">isni</subfield>
  </datafield>
  <datafield tag="040" ind1=" " ind2=" ">
    <subfield code="a">BOA001</subfield>
    <subfield code="b">cze</subfield>
    <subfield code="e">rda</subfield>
  </datafield>
  <datafield tag="046" ind1=" " ind2=" ">
    <subfield code="f">1913</subfield>
    <subfield code="g">2011</subfield>
  </datafield>
  <datafield tag="100" ind1="1" ind2=" ">
    <subfield code="a">Temkine, Valentin,</subfield>
    <subfield code="d">1913-2011</subfield>
    <subfield code="7">mzk20201094456</subfield>
  </datafield>
  <datafield tag="370" ind1=" " ind2=" ">
    <subfield code="a">Paříž, Francie</subfield>
    <subfield code="b">Paříž, Francie</subfield>
    <subfield code="c">Francie</subfield>
  </datafield>
  <datafield tag="372" ind1=" " ind2=" ">
    <subfield code="a">vzdělávání</subfield>
    <subfield code="a">dějepis</subfield>
    <subfield code="a">zeměpis</subfield>
    <subfield code="a">kultura</subfield>
    <subfield code="a">divadlo</subfield>
  </datafield>
  <datafield tag="374" ind1=" " ind2=" ">
    <subfield code="a">středoškolští učitelé</subfield>
  </datafield>
  <datafield tag="375" ind1=" " ind2=" ">
    <subfield code="a">muž</subfield>
  </datafield>
  <datafield tag="377" ind1=" " ind2=" ">
    <subfield code="a">fre</subfield>
  </datafield>
  <datafield tag="670" ind1=" " ind2=" ">
    <subfield code="a">Hirsch, Oliver: Beckett's Waiting for Godot. In: Brno studies in English. Vol. 46, 2020, No. 1, s. 175-194</subfield>
  </datafield>
  <datafield tag="670" ind1=" " ind2=" ">
    <subfield code="a">BNF, cit. 26. 11. 2020</subfield>
    <subfield code="b">autoritní forma; biografické údaje; datum a místo narození a úmrtí; národnost</subfield>
  </datafield>
  <datafield tag="670" ind1=" " ind2=" ">
    <subfield code="a">ISNI, cit. 26. 11. 2020</subfield>
    <subfield code="b">biografické údaje; datum narození; datum úmrtí</subfield>
    <subfield code="u">https://isni.org/page/search-database/</subfield>
  </datafield>
  <datafield tag="670" ind1=" " ind2=" ">
    <subfield code="a">www(Maitron - Temkine Valentin), cit. 26. 11. 2020</subfield>
    <subfield code="b">biografické údaje; datum narození</subfield>
    <subfield code="u">https://maitron.fr/spip.php?article136284</subfield>
  </datafield>
  <datafield tag="678" ind1="0" ind2=" ">
    <subfield code="a">Francouzský pedagog, spoluautor nové interpretace Beckettovy hry Čekání na Godota. Manžel Raymonde Temkine.</subfield>
  </datafield>
  <datafield tag="906" ind1=" " ind2=" ">
    <subfield code="a">za20201126</subfield>
    <subfield code="b">kmonev</subfield>
  </datafield>
</record>

<record>
  <leader>     nz  a22     n  4500</leader>
  <controlfield tag="001">ch1094457</controlfield>
  <controlfield tag="003">CZ PrNK</controlfield>
  <controlfield tag="005">20201126125507.0</controlfield>
  <controlfield tag="008">080612|n|anznnbabn           n a|a      </controlfield>
  <datafield tag="040" ind1=" " ind2=" ">
    <subfield code="a">ABA001</subfield>
    <subfield code="b">cze</subfield>
  </datafield>
  <datafield tag="045" ind1=" " ind2=" ">
    <subfield code="a">y2y3</subfield>
  </datafield>
  <datafield tag="148" ind1=" " ind2=" ">
    <subfield code="a">2021-2030</subfield>
    <subfield code="7">ch1094457</subfield>
  </datafield>
  <datafield tag="906" ind1=" " ind2=" ">
    <subfield code="a">wp20201126</subfield>
    <subfield code="b">maba</subfield>
  </datafield>
</record>