

<record>
  <leader>     nz  a22     n  4500</leader>
  <controlfield tag="001">ko20201094459</controlfield>
  <controlfield tag="003">CZ PrNK</controlfield>
  <controlfield tag="005">20201126131003.0</controlfield>
  <controlfield tag="008">201126|n|aznnnaabn           n a|a      </controlfield>
  <datafield tag="040" ind1=" " ind2=" ">
    <subfield code="a">ABA001</subfield>
    <subfield code="b">cze</subfield>
    <subfield code="e">rda</subfield>
  </datafield>
  <datafield tag="110" ind1="2" ind2=" ">
    <subfield code="a">Galerie Pictura (Praha, Česko).</subfield>
    <subfield code="b">Vánoční aukce</subfield>
    <subfield code="d">(2017 :</subfield>
    <subfield code="c">Praha, Česko)</subfield>
    <subfield code="7">ko20201094459</subfield>
  </datafield>
  <datafield tag="MOR" ind1="1" ind2=" ">
    <subfield code="a">Galerie Pictura.</subfield>
    <subfield code="b">Aukce</subfield>
    <subfield code="d">(2017 :</subfield>
    <subfield code="c">Praha, Česko)</subfield>
    <subfield code="7">ko20201094142</subfield>
  </datafield>
  <datafield tag="368" ind1=" " ind2=" ">
    <subfield code="a">aukce</subfield>
    <subfield code="a">umělecké aukce</subfield>
  </datafield>
  <datafield tag="370" ind1=" " ind2=" ">
    <subfield code="c">Česko</subfield>
    <subfield code="e">Praha, Česko</subfield>
  </datafield>
  <datafield tag="372" ind1=" " ind2=" ">
    <subfield code="a">výtvarné umění</subfield>
    <subfield code="a">obchod s uměním</subfield>
  </datafield>
  <datafield tag="377" ind1=" " ind2=" ">
    <subfield code="a">cze</subfield>
  </datafield>
  <datafield tag="411" ind1="2" ind2=" ">
    <subfield code="a">Vánoční aukce výtvarného umění (Galerie Pictura : Praha, Česko).</subfield>
    <subfield code="d">(2017 :</subfield>
    <subfield code="c">Praha, Česko)</subfield>
    <subfield code="0">o</subfield>
  </datafield>
  <datafield tag="670" ind1=" " ind2=" ">
    <subfield code="a">Vánoční aukce výtvarného umění :středa, 06.12.2017 od 17.30 hod. : aukce v prostorách Velkopřevorského paláce, Praha</subfield>
  </datafield>
  <datafield tag="906" ind1=" " ind2=" ">
    <subfield code="a">br20201126</subfield>
    <subfield code="b">svsv</subfield>
  </datafield>
</record>