

<record>
  <leader>     nz  a22     n  4500</leader>
  <controlfield tag="001">unn20201094473</controlfield>
  <controlfield tag="003">CZ PrNK</controlfield>
  <controlfield tag="005">20201126133758.0</controlfield>
  <controlfield tag="008">201126|n|acnnnaabn           n a|a      </controlfield>
  <datafield tag="040" ind1=" " ind2=" ">
    <subfield code="a">ABA001</subfield>
    <subfield code="b">cze</subfield>
  </datafield>
  <datafield tag="130" ind1=" " ind2="0">
    <subfield code="a">Antiphonarium kielcense</subfield>
    <subfield code="7">unn20201094473</subfield>
  </datafield>
  <datafield tag="670" ind1=" " ind2=" ">
    <subfield code="a">NUKAT, cit. 26. 11. 2020</subfield>
  </datafield>
  <datafield tag="670" ind1=" " ind2=" ">
    <subfield code="a">www(Wikipedia, wolna encyklopedia), cit. 26. 11. 2020</subfield>
  </datafield>
  <datafield tag="670" ind1=" " ind2=" ">
    <subfield code="a">redakcja Krzysztof Bracha: Antiphonarium kielcense. Kielce : Wydawnictwo Uniwersytetu Jana Kochanowskiego : Jedność, 2020</subfield>
  </datafield>
  <datafield tag="678" ind1=" " ind2=" ">
    <subfield code="a">Liturgická kniha uchovávaná v pokladnici katedrální baziliky v Kielcích, kielský antifonář (psaný latinsky) z doby kolem roku 1372.</subfield>
  </datafield>
  <datafield tag="856" ind1="4" ind2="2">
    <subfield code="u">https://www.smyk.com/p/antiphonarium-kielcense-i6786719</subfield>
    <subfield code="4">N</subfield>
  </datafield>
  <datafield tag="906" ind1=" " ind2=" ">
    <subfield code="a">br20201126</subfield>
    <subfield code="b">blau</subfield>
  </datafield>
</record>