

<record>
  <leader>     nz  a22     n  4500</leader>
  <datafield tag="900" ind1=" " ind2=" ">
    <subfield code="a">N-NÁVRH-VP</subfield>
  </datafield>
  <controlfield tag="001">unn20201094476</controlfield>
  <controlfield tag="003">CZ PrNK</controlfield>
  <controlfield tag="005">20201126133928.0</controlfield>
  <controlfield tag="008">201126|n|acnnnaabn           n a|a      </controlfield>
  <datafield tag="040" ind1=" " ind2=" ">
    <subfield code="a">ABA001</subfield>
    <subfield code="b">cze</subfield>
  </datafield>
  <datafield tag="130" ind1=" " ind2="0">
    <subfield code="a">Il Vangelo secondo Matteo (film)</subfield>
    <subfield code="7">unn20201094476</subfield>
  </datafield>
  <datafield tag="430" ind1=" " ind2="0">
    <subfield code="a">L'Évangile selon saint Matthieu (film)</subfield>
    <subfield code="0">o</subfield>
  </datafield>
  <datafield tag="670" ind1=" " ind2=" ">
    <subfield code="a">www(Česko-Slovenská filmová databáze)</subfield>
  </datafield>
  <datafield tag="680" ind1=" " ind2=" ">
    <subfield code="i">Film, životopisný, drama: Itálie, Francie, 1964.</subfield>
  </datafield>
  <datafield tag="906" ind1=" " ind2=" ">
    <subfield code="a">za20201126</subfield>
    <subfield code="b">kvfu</subfield>
  </datafield>
</record>