

<record>
  <leader>     cz  a22     n  4500</leader>
  <controlfield tag="001">xx0254555</controlfield>
  <controlfield tag="003">CZ PrNK</controlfield>
  <controlfield tag="005">20201126185141.0</controlfield>
  <controlfield tag="008">201126|n|aznnnaabn           n a|a      </controlfield>
  <datafield tag="040" ind1=" " ind2=" ">
    <subfield code="a">ABE304</subfield>
    <subfield code="b">cze</subfield>
    <subfield code="d">ABA001</subfield>
    <subfield code="e">rda</subfield>
  </datafield>
  <datafield tag="046" ind1=" " ind2=" ">
    <subfield code="f">1953</subfield>
  </datafield>
  <datafield tag="100" ind1="1" ind2=" ">
    <subfield code="a">Lugeri, Francesco,</subfield>
    <subfield code="d">1953-</subfield>
    <subfield code="7">xx0254555</subfield>
  </datafield>
  <datafield tag="370" ind1=" " ind2=" ">
    <subfield code="c">Česko</subfield>
  </datafield>
  <datafield tag="372" ind1=" " ind2=" ">
    <subfield code="a">divadelní věda</subfield>
    <subfield code="a">divadelní kritika</subfield>
    <subfield code="a">divadlo</subfield>
    <subfield code="a">samizdat</subfield>
  </datafield>
  <datafield tag="374" ind1=" " ind2=" ">
    <subfield code="a">teatrologové</subfield>
    <subfield code="a">divadelní kritici</subfield>
  </datafield>
  <datafield tag="375" ind1=" " ind2=" ">
    <subfield code="a">muž</subfield>
  </datafield>
  <datafield tag="377" ind1=" " ind2=" ">
    <subfield code="a">cze</subfield>
  </datafield>
  <datafield tag="500" ind1="1" ind2=" ">
    <subfield code="w">r</subfield>
    <subfield code="i">Skutečné jméno:</subfield>
    <subfield code="a">Král, Karel,</subfield>
    <subfield code="d">1953-</subfield>
    <subfield code="7">jx20040830016</subfield>
  </datafield>
  <datafield tag="500" ind1="1" ind2=" ">
    <subfield code="w">r</subfield>
    <subfield code="i">Pseudonym:</subfield>
    <subfield code="a">Lukáš, Karel,</subfield>
    <subfield code="d">1953-</subfield>
    <subfield code="7">xx0218962</subfield>
  </datafield>
  <datafield tag="500" ind1="1" ind2=" ">
    <subfield code="w">r</subfield>
    <subfield code="i">Pseudonym:</subfield>
    <subfield code="a">Klos, Jiří,</subfield>
    <subfield code="d">1953-</subfield>
    <subfield code="7">xx0218966</subfield>
  </datafield>
  <datafield tag="500" ind1="1" ind2=" ">
    <subfield code="w">r</subfield>
    <subfield code="i">Pseudonym:</subfield>
    <subfield code="a">Vokurka, Miloš,</subfield>
    <subfield code="d">1953-</subfield>
    <subfield code="7">xx0232669</subfield>
  </datafield>
  <datafield tag="500" ind1="1" ind2=" ">
    <subfield code="w">r</subfield>
    <subfield code="i">Pseudonym:</subfield>
    <subfield code="a">Charnay, Geoffrey de,</subfield>
    <subfield code="d">1953-</subfield>
    <subfield code="7">xx0232658</subfield>
  </datafield>
  <datafield tag="500" ind1="1" ind2=" ">
    <subfield code="w">r</subfield>
    <subfield code="i">Pseudonym:</subfield>
    <subfield code="a">Schwarz, Miroslav,</subfield>
    <subfield code="d">1953-</subfield>
    <subfield code="7">xx0232666</subfield>
  </datafield>
  <datafield tag="500" ind1="1" ind2=" ">
    <subfield code="w">r</subfield>
    <subfield code="i">Pseudonym:</subfield>
    <subfield code="a">Ládón, Hideous,</subfield>
    <subfield code="d">1953-</subfield>
    <subfield code="7">xx0232660</subfield>
  </datafield>
  <datafield tag="500" ind1="1" ind2=" ">
    <subfield code="w">r</subfield>
    <subfield code="i">Pseudonym:</subfield>
    <subfield code="a">Nečajev, Sergej,</subfield>
    <subfield code="d">1953-</subfield>
    <subfield code="7">xx0232662</subfield>
  </datafield>
  <datafield tag="500" ind1="1" ind2=" ">
    <subfield code="w">r</subfield>
    <subfield code="i">Pseudonym:</subfield>
    <subfield code="a">Talos, Olimpia,</subfield>
    <subfield code="d">1953-</subfield>
    <subfield code="7">xx0232668</subfield>
  </datafield>
  <datafield tag="500" ind1="1" ind2=" ">
    <subfield code="w">r</subfield>
    <subfield code="i">Pseudonym:</subfield>
    <subfield code="a">Alvi, Basit,</subfield>
    <subfield code="d">1953-</subfield>
    <subfield code="7">xx0232647</subfield>
  </datafield>
  <datafield tag="500" ind1="1" ind2=" ">
    <subfield code="w">r</subfield>
    <subfield code="i">Pseudonym:</subfield>
    <subfield code="a">Garcia, Jorge,</subfield>
    <subfield code="d">1953-</subfield>
    <subfield code="7">xx0232657</subfield>
  </datafield>
  <datafield tag="500" ind1="1" ind2=" ">
    <subfield code="w">r</subfield>
    <subfield code="i">Pseudonym:</subfield>
    <subfield code="a">Kmínek, Ivan,</subfield>
    <subfield code="c">II,</subfield>
    <subfield code="d">1953-</subfield>
    <subfield code="7">xx0232659</subfield>
  </datafield>
  <datafield tag="500" ind1="1" ind2=" ">
    <subfield code="w">r</subfield>
    <subfield code="i">Pseudonym:</subfield>
    <subfield code="a">Lagrangia, G. L.,</subfield>
    <subfield code="d">1953-</subfield>
    <subfield code="7">xx0232661</subfield>
  </datafield>
  <datafield tag="500" ind1="0" ind2=" ">
    <subfield code="w">r</subfield>
    <subfield code="i">Pseudonym:</subfield>
    <subfield code="a">Rulanda,</subfield>
    <subfield code="d">1953-</subfield>
    <subfield code="7">xx0232664</subfield>
  </datafield>
  <datafield tag="500" ind1="1" ind2=" ">
    <subfield code="w">r</subfield>
    <subfield code="i">Pseudonym:</subfield>
    <subfield code="a">Saavedra, Cornelio,</subfield>
    <subfield code="d">1953-</subfield>
    <subfield code="7">xx0232665</subfield>
  </datafield>
  <datafield tag="500" ind1="1" ind2=" ">
    <subfield code="w">r</subfield>
    <subfield code="i">Pseudonym:</subfield>
    <subfield code="a">Otárola del Rivero, Saturnina,</subfield>
    <subfield code="d">1953-</subfield>
    <subfield code="7">xx0232663</subfield>
  </datafield>
  <datafield tag="500" ind1="1" ind2=" ">
    <subfield code="w">r</subfield>
    <subfield code="i">Pseudonym:</subfield>
    <subfield code="a">Cabrera, Maria Francisca,</subfield>
    <subfield code="d">1953-</subfield>
    <subfield code="7">xx0232650</subfield>
  </datafield>
  <datafield tag="500" ind1="1" ind2=" ">
    <subfield code="w">r</subfield>
    <subfield code="i">Pseudonym:</subfield>
    <subfield code="a">Assortir, Augustin,</subfield>
    <subfield code="d">1953-</subfield>
    <subfield code="7">xx0232648</subfield>
  </datafield>
  <datafield tag="500" ind1="1" ind2=" ">
    <subfield code="w">r</subfield>
    <subfield code="i">Pseudonym:</subfield>
    <subfield code="a">Barcellos, Cristian,</subfield>
    <subfield code="d">1953-</subfield>
    <subfield code="7">xx0232649</subfield>
  </datafield>
  <datafield tag="500" ind1="1" ind2=" ">
    <subfield code="w">r</subfield>
    <subfield code="i">Pseudonym:</subfield>
    <subfield code="a">Cortés, Rafael,</subfield>
    <subfield code="d">1953-</subfield>
    <subfield code="7">xx0232653</subfield>
  </datafield>
  <datafield tag="500" ind1="1" ind2=" ">
    <subfield code="w">r</subfield>
    <subfield code="i">Pseudonym:</subfield>
    <subfield code="a">Galiatsatos, David,</subfield>
    <subfield code="d">1953-</subfield>
    <subfield code="7">xx0232656</subfield>
  </datafield>
  <datafield tag="500" ind1="1" ind2=" ">
    <subfield code="w">r</subfield>
    <subfield code="i">Pseudonym:</subfield>
    <subfield code="a">Tab, Ctiboj Ruslan,</subfield>
    <subfield code="d">1953-</subfield>
    <subfield code="7">xx0232667</subfield>
  </datafield>
  <datafield tag="500" ind1="1" ind2=" ">
    <subfield code="w">r</subfield>
    <subfield code="i">Pseudonym:</subfield>
    <subfield code="a">Cornelius, Mahathir,</subfield>
    <subfield code="d">1953-</subfield>
    <subfield code="7">xx0232652</subfield>
  </datafield>
  <datafield tag="500" ind1="1" ind2=" ">
    <subfield code="w">r</subfield>
    <subfield code="i">Pseudonym:</subfield>
    <subfield code="a">Fielding, Deborah,</subfield>
    <subfield code="d">1953-</subfield>
    <subfield code="7">xx0232654</subfield>
  </datafield>
  <datafield tag="500" ind1="1" ind2=" ">
    <subfield code="w">r</subfield>
    <subfield code="i">Pseudonym:</subfield>
    <subfield code="a">Wernicke, Paul,</subfield>
    <subfield code="d">1953-</subfield>
    <subfield code="7">xx0232670</subfield>
  </datafield>
  <datafield tag="500" ind1="1" ind2=" ">
    <subfield code="w">r</subfield>
    <subfield code="i">Pseudonym:</subfield>
    <subfield code="a">Zeman, Robert,</subfield>
    <subfield code="d">1953-</subfield>
    <subfield code="7">xx0232671</subfield>
  </datafield>
  <datafield tag="500" ind1="1" ind2=" ">
    <subfield code="w">r</subfield>
    <subfield code="i">Pseudonym:</subfield>
    <subfield code="a">Flugbeil, Tadeáš,</subfield>
    <subfield code="d">1953-</subfield>
    <subfield code="7">xx0232655</subfield>
  </datafield>
  <datafield tag="500" ind1="1" ind2=" ">
    <subfield code="w">r</subfield>
    <subfield code="i">Pseudonym:</subfield>
    <subfield code="a">Calabrese, Bianca,</subfield>
    <subfield code="d">1953-</subfield>
    <subfield code="7">xx0232651</subfield>
  </datafield>
  <datafield tag="500" ind1="1" ind2=" ">
    <subfield code="w">r</subfield>
    <subfield code="i">Pseudonym:</subfield>
    <subfield code="a">Baretović, Vojan,</subfield>
    <subfield code="d">1953-</subfield>
    <subfield code="7">xx0254552</subfield>
  </datafield>
  <datafield tag="500" ind1="1" ind2=" ">
    <subfield code="w">r</subfield>
    <subfield code="i">Pseudonym:</subfield>
    <subfield code="a">Divý, Janek Z.,</subfield>
    <subfield code="d">1953-</subfield>
    <subfield code="7">xx0254553</subfield>
  </datafield>
  <datafield tag="500" ind1="1" ind2=" ">
    <subfield code="w">r</subfield>
    <subfield code="i">Pseudonym:</subfield>
    <subfield code="a">Vladislavčík, Vít,</subfield>
    <subfield code="d">1953-</subfield>
    <subfield code="7">xx0254557</subfield>
  </datafield>
  <datafield tag="500" ind1="1" ind2=" ">
    <subfield code="w">r</subfield>
    <subfield code="i">Pseudonym:</subfield>
    <subfield code="a">Panenka, Jan,</subfield>
    <subfield code="d">1953-</subfield>
    <subfield code="7">xx0254556</subfield>
  </datafield>
  <datafield tag="500" ind1="1" ind2=" ">
    <subfield code="w">r</subfield>
    <subfield code="i">Pseudonym:</subfield>
    <subfield code="a">A, Jan,</subfield>
    <subfield code="d">1953-</subfield>
    <subfield code="7">xx0254551</subfield>
  </datafield>
  <datafield tag="500" ind1="1" ind2=" ">
    <subfield code="w">r</subfield>
    <subfield code="i">Pseudonym:</subfield>
    <subfield code="a">Glendalough, Kevin,</subfield>
    <subfield code="d">1953-</subfield>
    <subfield code="7">xx0254554</subfield>
  </datafield>
  <datafield tag="665" ind1=" " ind2=" ">
    <subfield code="a">Karel Král píše pod četnými pseudonymy fiktivní články do časopisu Svět a divadlo.</subfield>
  </datafield>
  <datafield tag="670" ind1=" " ind2=" ">
    <subfield code="a">Lugeri, Francesco: Peklo, nebe, háj. In: Svět a divadlo, Roč. 10, č. 1 (1999), s. 21-25</subfield>
    <subfield code="b">autoritní forma</subfield>
  </datafield>
  <datafield tag="670" ind1=" " ind2=" ">
    <subfield code="a">Výročí. In: Loutkář, roč. 63, č. 2 (2013), s. 47 - Karel Král</subfield>
    <subfield code="b">datum narození</subfield>
  </datafield>
  <datafield tag="670" ind1=" " ind2=" ">
    <subfield code="a">O divadle 1, 1990, s. 413</subfield>
    <subfield code="b">odkaz viz též</subfield>
  </datafield>
  <datafield tag="670" ind1=" " ind2=" ">
    <subfield code="a">Obsah časopisu Svět a divadlo 2010. In: Svět a divadlo, roč. 22, č. 1 (2011), s. 156-168</subfield>
    <subfield code="b">odkazy viz též</subfield>
  </datafield>
  <datafield tag="670" ind1=" " ind2=" ">
    <subfield code="a">Obsah časopisu Svět a divadlo 2015. In: Svět a divadlo, roč. 27, č. 1 (2016), s. 158-169</subfield>
    <subfield code="b">odkazy viz též</subfield>
  </datafield>
  <datafield tag="670" ind1=" " ind2=" ">
    <subfield code="a">Obsah časopisu Svět a divadlo 2016. In: Svět a divadlo, roč. 28, č. 1 (2017), s. 154-165</subfield>
    <subfield code="b">odkazy viz též</subfield>
  </datafield>
  <datafield tag="670" ind1=" " ind2=" ">
    <subfield code="a">Obsah časopisu Svět a divadlo 2017. In: Svět a divadlo, roč. 29, č. 1 (2018), s. 152-162</subfield>
    <subfield code="b">odkazy viz též</subfield>
  </datafield>
  <datafield tag="670" ind1=" " ind2=" ">
    <subfield code="a">Obsah časopisu Svět a divadlo 2018. In: Svět a divadlo, roč. 30, č. 1 (2019), s. 148-158</subfield>
    <subfield code="b">odkazy viz též</subfield>
  </datafield>
  <datafield tag="670" ind1=" " ind2=" ">
    <subfield code="a">Obsah časopisu Svět a divadlo 1999. In: Svět a divadlo, roč. 11, č. 1 (2000), s. 172-188</subfield>
    <subfield code="b">odkazy viz též</subfield>
  </datafield>
  <datafield tag="670" ind1=" " ind2=" ">
    <subfield code="a">Obsah časopisu Svět a divadlo 2019. In: Svět a divadlo, roč. 31, č. 1 (2020), s. 150-161</subfield>
    <subfield code="b">odkazy viz též</subfield>
  </datafield>
  <datafield tag="678" ind1="0" ind2=" ">
    <subfield code="a">Narozen 31. 5. 1953. Teatrolog, redaktor divadelního časopisu, samizdatový publicista, práce z oboru.</subfield>
  </datafield>
  <datafield tag="906" ind1=" " ind2=" ">
    <subfield code="a">za20201126</subfield>
    <subfield code="b">xalso</subfield>
  </datafield>
  <datafield tag="906" ind1=" " ind2=" ">
    <subfield code="a">op20201126</subfield>
    <subfield code="b">beba</subfield>
    <subfield code="c">Viz též podpole 7</subfield>
  </datafield>
</record>