

<record>
  <leader>     nz  a22     n  4500</leader>
  <datafield tag="900" ind1=" " ind2=" ">
    <subfield code="a">J-NÁVRH</subfield>
  </datafield>
  <controlfield tag="001">ntk20201094522</controlfield>
  <controlfield tag="003">CZ PrNK</controlfield>
  <controlfield tag="005">20201127220009.0</controlfield>
  <controlfield tag="008">201126|n|aznnnaabn           n a|a      </controlfield>
  <datafield tag="040" ind1=" " ind2=" ">
    <subfield code="a">ABA013</subfield>
    <subfield code="b">cze</subfield>
    <subfield code="e">rda</subfield>
  </datafield>
  <datafield tag="100" ind1="1" ind2=" ">
    <subfield code="a">McCarthy, Justin</subfield>
    <subfield code="7">ntk20201094522</subfield>
  </datafield>
  <datafield tag="368" ind1=" " ind2=" ">
    <subfield code="d">BSc. (Electrical and Electronic Engineering)</subfield>
    <subfield code="d">CEng</subfield>
  </datafield>
  <datafield tag="370" ind1=" " ind2=" ">
    <subfield code="c">Velká Británie</subfield>
  </datafield>
  <datafield tag="372" ind1=" " ind2=" ">
    <subfield code="a">elektrotechnika</subfield>
    <subfield code="a">biomedicínské inženýrství</subfield>
    <subfield code="a">zdravotnická technika</subfield>
    <subfield code="a">lékařská technika</subfield>
    <subfield code="a">lékařské přístroje</subfield>
    <subfield code="a">zdravotnický management</subfield>
  </datafield>
  <datafield tag="374" ind1=" " ind2=" ">
    <subfield code="a">elektroinženýři</subfield>
    <subfield code="a">vysokoškolští učitelé</subfield>
    <subfield code="a">poradci</subfield>
  </datafield>
  <datafield tag="375" ind1=" " ind2=" ">
    <subfield code="a">muž</subfield>
  </datafield>
  <datafield tag="377" ind1=" " ind2=" ">
    <subfield code="a">eng</subfield>
  </datafield>
  <datafield tag="667" ind1=" " ind2=" ">
    <subfield code="a">LC (Names) uvádí v záhlaví z důvodu odlišení autorů stejného jména jako doplněk povolání autora "clinical engineer".</subfield>
  </datafield>
  <datafield tag="670" ind1=" " ind2=" ">
    <subfield code="a">Hegarty, Francis - Amoore, John - McCarthy, Justin et al.: Health technology management, c2017</subfield>
    <subfield code="b">biografické a profesní údaje</subfield>
  </datafield>
  <datafield tag="670" ind1=" " ind2=" ">
    <subfield code="a">LC (Names), cit. 26. 11. 2020</subfield>
    <subfield code="b">autoritní forma</subfield>
  </datafield>
  <datafield tag="670" ind1=" " ind2=" ">
    <subfield code="a">www(htmbook.com - Justin McCarthy), cit. 25. 11. 2020</subfield>
    <subfield code="b">biografické a profesní údaje</subfield>
  </datafield>
  <datafield tag="678" ind1="0" ind2=" ">
    <subfield code="a">Inženýr, poradce a konzultant v oblasti klinického a biomedicínského inženýrství. Zaměřuje se na lékařskou techniku, vývoj nových lékařských přístrojů, řízení kvality a management zdravotnických technologií. Též působil jako pedagog. Aktivně pracuje ve výzkumných pracovních týmech a skupinách. Publikace v oboru.</subfield>
  </datafield>
  <datafield tag="906" ind1=" " ind2=" ">
    <subfield code="a">za20201125</subfield>
    <subfield code="b">pavk</subfield>
  </datafield>
  <datafield tag="906" ind1=" " ind2=" ">
    <subfield code="a">ko20201127</subfield>
    <subfield code="b">msis</subfield>
  </datafield>
</record>