

<record>
  <leader>     nz  a22     n  4500</leader>
  <controlfield tag="001">ph1094536</controlfield>
  <controlfield tag="003">CZ PrNK</controlfield>
  <controlfield tag="005">20201126180623.0</controlfield>
  <controlfield tag="008">201126|n|anznnbabn           n a|a      </controlfield>
  <datafield tag="040" ind1=" " ind2=" ">
    <subfield code="a">ABA001</subfield>
    <subfield code="b">cze</subfield>
  </datafield>
  <datafield tag="072" ind1=" " ind2="7">
    <subfield code="a">80</subfield>
    <subfield code="x">Filologie</subfield>
    <subfield code="2">Konspekt</subfield>
    <subfield code="9">11</subfield>
  </datafield>
  <datafield tag="080" ind1=" " ind2=" ">
    <subfield code="a">[80(=111)+908(73)]-055.2</subfield>
    <subfield code="2">MRF_2003</subfield>
  </datafield>
  <datafield tag="150" ind1=" " ind2=" ">
    <subfield code="a">amerikanistky</subfield>
    <subfield code="7">ph1094536</subfield>
  </datafield>
  <datafield tag="550" ind1=" " ind2=" ">
    <subfield code="a">amerikanistika</subfield>
    <subfield code="7">ph451672</subfield>
  </datafield>
  <datafield tag="550" ind1=" " ind2=" ">
    <subfield code="a">amerikanisté</subfield>
    <subfield code="7">ph451673</subfield>
  </datafield>
  <datafield tag="550" ind1=" " ind2=" ">
    <subfield code="a">anglistky</subfield>
    <subfield code="7">ph955909</subfield>
  </datafield>
  <datafield tag="750" ind1="0" ind2="7">
    <subfield code="a">female americanists</subfield>
    <subfield code="2">eczenas</subfield>
  </datafield>
  <datafield tag="906" ind1=" " ind2=" ">
    <subfield code="a">wp20201126</subfield>
    <subfield code="b">irpi</subfield>
  </datafield>
</record>