

<record>
  <leader>     cz  a22     n  4500</leader>
  <controlfield tag="001">xx0254572</controlfield>
  <controlfield tag="003">CZ PrNK</controlfield>
  <controlfield tag="005">20201127193736.0</controlfield>
  <controlfield tag="008">201126|n|aznnnaabn           n a|a      </controlfield>
  <datafield tag="040" ind1=" " ind2=" ">
    <subfield code="a">ABE304</subfield>
    <subfield code="b">cze</subfield>
    <subfield code="d">ABA001</subfield>
    <subfield code="e">rda</subfield>
  </datafield>
  <datafield tag="046" ind1=" " ind2=" ">
    <subfield code="f">1951</subfield>
  </datafield>
  <datafield tag="100" ind1="1" ind2=" ">
    <subfield code="a">Crispine, Maria,</subfield>
    <subfield code="d">1951-</subfield>
    <subfield code="7">xx0254572</subfield>
  </datafield>
  <datafield tag="370" ind1=" " ind2=" ">
    <subfield code="a">Praha, Česko</subfield>
    <subfield code="c">Česko</subfield>
  </datafield>
  <datafield tag="372" ind1=" " ind2=" ">
    <subfield code="a">filozofie</subfield>
    <subfield code="a">překladatelství</subfield>
  </datafield>
  <datafield tag="374" ind1=" " ind2=" ">
    <subfield code="a">filozofové</subfield>
    <subfield code="a">překladatelé</subfield>
  </datafield>
  <datafield tag="375" ind1=" " ind2=" ">
    <subfield code="a">muž</subfield>
  </datafield>
  <datafield tag="377" ind1=" " ind2=" ">
    <subfield code="a">cze</subfield>
  </datafield>
  <datafield tag="500" ind1="1" ind2=" ">
    <subfield code="w">r</subfield>
    <subfield code="i">Skutečné jméno:</subfield>
    <subfield code="a">Petříček, Miroslav,</subfield>
    <subfield code="d">1951-</subfield>
    <subfield code="7">jn99240000872</subfield>
  </datafield>
  <datafield tag="500" ind1="1" ind2=" ">
    <subfield code="w">r</subfield>
    <subfield code="i">Pseudonym:</subfield>
    <subfield code="a">Furnier, Vincent Damon,</subfield>
    <subfield code="d">1951-</subfield>
    <subfield code="7">xx0233107</subfield>
  </datafield>
  <datafield tag="500" ind1="1" ind2=" ">
    <subfield code="w">r</subfield>
    <subfield code="i">Pseudonym:</subfield>
    <subfield code="a">Melville Hall, Richard,</subfield>
    <subfield code="d">1951-</subfield>
    <subfield code="7">xx0233124</subfield>
  </datafield>
  <datafield tag="500" ind1="1" ind2=" ">
    <subfield code="w">r</subfield>
    <subfield code="i">Pseudonym:</subfield>
    <subfield code="a">Hewson, Paul David,</subfield>
    <subfield code="d">1951-</subfield>
    <subfield code="7">xx0233154</subfield>
  </datafield>
  <datafield tag="500" ind1="1" ind2=" ">
    <subfield code="w">r</subfield>
    <subfield code="i">Pseudonym:</subfield>
    <subfield code="a">Klegerman, Jaime Royal,</subfield>
    <subfield code="d">1951-</subfield>
    <subfield code="7">xx0233117</subfield>
  </datafield>
  <datafield tag="500" ind1="1" ind2=" ">
    <subfield code="w">r</subfield>
    <subfield code="i">Pseudonym:</subfield>
    <subfield code="a">Van Vliet, Don,</subfield>
    <subfield code="d">1951-</subfield>
    <subfield code="7">xx0233140</subfield>
  </datafield>
  <datafield tag="500" ind1="1" ind2=" ">
    <subfield code="w">r</subfield>
    <subfield code="i">Pseudonym:</subfield>
    <subfield code="a">Leight, Dennis,</subfield>
    <subfield code="d">1951-</subfield>
    <subfield code="7">xx0233118</subfield>
  </datafield>
  <datafield tag="500" ind1="1" ind2=" ">
    <subfield code="w">r</subfield>
    <subfield code="i">Pseudonym:</subfield>
    <subfield code="a">Ure, James,</subfield>
    <subfield code="d">1951-</subfield>
    <subfield code="7">xx0233139</subfield>
  </datafield>
  <datafield tag="500" ind1="1" ind2=" ">
    <subfield code="w">r</subfield>
    <subfield code="i">Pseudonym:</subfield>
    <subfield code="a">Trichet, Jean-Claude,</subfield>
    <subfield code="d">1951-</subfield>
    <subfield code="7">xx0233137</subfield>
  </datafield>
  <datafield tag="500" ind1="1" ind2=" ">
    <subfield code="w">r</subfield>
    <subfield code="i">Pseudonym:</subfield>
    <subfield code="a">Christian, Morsten,</subfield>
    <subfield code="d">1951-</subfield>
    <subfield code="7">xx0233111</subfield>
  </datafield>
  <datafield tag="500" ind1="1" ind2=" ">
    <subfield code="w">r</subfield>
    <subfield code="i">Pseudonym:</subfield>
    <subfield code="a">Janota, Viktor,</subfield>
    <subfield code="d">1951-</subfield>
    <subfield code="7">xx0233113</subfield>
  </datafield>
  <datafield tag="500" ind1="1" ind2=" ">
    <subfield code="w">r</subfield>
    <subfield code="i">Pseudonym:</subfield>
    <subfield code="a">Linda, Josef,</subfield>
    <subfield code="d">1951-</subfield>
    <subfield code="7">xx0233119</subfield>
  </datafield>
  <datafield tag="500" ind1="1" ind2=" ">
    <subfield code="w">r</subfield>
    <subfield code="i">Pseudonym:</subfield>
    <subfield code="a">Mattei, Bruno,</subfield>
    <subfield code="d">1951-</subfield>
    <subfield code="7">xx0233123</subfield>
  </datafield>
  <datafield tag="500" ind1="1" ind2=" ">
    <subfield code="w">r</subfield>
    <subfield code="i">Pseudonym:</subfield>
    <subfield code="a">Prášil, Libor,</subfield>
    <subfield code="d">1951-</subfield>
    <subfield code="7">xx0233129</subfield>
  </datafield>
  <datafield tag="500" ind1="1" ind2=" ">
    <subfield code="w">r</subfield>
    <subfield code="i">Pseudonym:</subfield>
    <subfield code="a">Svoboda, Václav Alois,</subfield>
    <subfield code="d">1951-</subfield>
    <subfield code="7">xx0233135</subfield>
  </datafield>
  <datafield tag="500" ind1="1" ind2=" ">
    <subfield code="w">r</subfield>
    <subfield code="i">Pseudonym:</subfield>
    <subfield code="a">Bowman, David,</subfield>
    <subfield code="d">1951-</subfield>
    <subfield code="7">xx0233095</subfield>
  </datafield>
  <datafield tag="500" ind1="1" ind2=" ">
    <subfield code="w">r</subfield>
    <subfield code="i">Pseudonym:</subfield>
    <subfield code="a">Cohn, Calvin,</subfield>
    <subfield code="d">1951-</subfield>
    <subfield code="7">xx0233097</subfield>
  </datafield>
  <datafield tag="500" ind1="1" ind2=" ">
    <subfield code="w">r</subfield>
    <subfield code="i">Pseudonym:</subfield>
    <subfield code="a">Curtis, Jackson,</subfield>
    <subfield code="d">1951-</subfield>
    <subfield code="7">xx0233099</subfield>
  </datafield>
  <datafield tag="500" ind1="1" ind2=" ">
    <subfield code="w">r</subfield>
    <subfield code="i">Pseudonym:</subfield>
    <subfield code="a">Dounda, Adam,</subfield>
    <subfield code="d">1951-</subfield>
    <subfield code="7">xx0233103</subfield>
  </datafield>
  <datafield tag="500" ind1="1" ind2=" ">
    <subfield code="w">r</subfield>
    <subfield code="i">Pseudonym:</subfield>
    <subfield code="a">Drobílek, Eduard,</subfield>
    <subfield code="d">1951-</subfield>
    <subfield code="7">xx0233104</subfield>
  </datafield>
  <datafield tag="500" ind1="1" ind2=" ">
    <subfield code="w">r</subfield>
    <subfield code="i">Pseudonym:</subfield>
    <subfield code="a">Hackett, Lance,</subfield>
    <subfield code="d">1951-</subfield>
    <subfield code="7">xx0233108</subfield>
  </datafield>
  <datafield tag="500" ind1="1" ind2=" ">
    <subfield code="w">r</subfield>
    <subfield code="i">Pseudonym:</subfield>
    <subfield code="a">Hlavsa, František,</subfield>
    <subfield code="d">1951-</subfield>
    <subfield code="7">xx0233110</subfield>
  </datafield>
  <datafield tag="500" ind1="0" ind2=" ">
    <subfield code="w">r</subfield>
    <subfield code="i">Pseudonym:</subfield>
    <subfield code="a">Klaus X.,</subfield>
    <subfield code="d">1951-</subfield>
    <subfield code="7">xx0233116</subfield>
  </datafield>
  <datafield tag="500" ind1="1" ind2=" ">
    <subfield code="w">r</subfield>
    <subfield code="i">Pseudonym:</subfield>
    <subfield code="a">Marley, Angela,</subfield>
    <subfield code="d">1951-</subfield>
    <subfield code="7">xx0233120</subfield>
  </datafield>
  <datafield tag="500" ind1="1" ind2=" ">
    <subfield code="w">r</subfield>
    <subfield code="i">Pseudonym:</subfield>
    <subfield code="a">Minky, Mervin J.,</subfield>
    <subfield code="d">1951-</subfield>
    <subfield code="7">xx0233126</subfield>
  </datafield>
  <datafield tag="500" ind1="1" ind2=" ">
    <subfield code="w">r</subfield>
    <subfield code="i">Pseudonym:</subfield>
    <subfield code="a">Pencil, Steve,</subfield>
    <subfield code="d">1951-</subfield>
    <subfield code="7">xx0233128</subfield>
  </datafield>
  <datafield tag="500" ind1="0" ind2=" ">
    <subfield code="w">r</subfield>
    <subfield code="i">Pseudonym:</subfield>
    <subfield code="a">Rattengift,</subfield>
    <subfield code="d">1951-</subfield>
    <subfield code="7">xx0233131</subfield>
  </datafield>
  <datafield tag="500" ind1="1" ind2=" ">
    <subfield code="w">r</subfield>
    <subfield code="i">Pseudonym:</subfield>
    <subfield code="a">Thorogood, Frank,</subfield>
    <subfield code="d">1951-</subfield>
    <subfield code="7">xx0233136</subfield>
  </datafield>
  <datafield tag="500" ind1="1" ind2=" ">
    <subfield code="w">r</subfield>
    <subfield code="i">Pseudonym:</subfield>
    <subfield code="a">Impoli, Jean-Claude,</subfield>
    <subfield code="d">1951-</subfield>
    <subfield code="7">xx0233112</subfield>
  </datafield>
  <datafield tag="500" ind1="1" ind2=" ">
    <subfield code="w">r</subfield>
    <subfield code="i">Pseudonym:</subfield>
    <subfield code="a">Crowhill, Terrence,</subfield>
    <subfield code="d">1951-</subfield>
    <subfield code="7">xx0233098</subfield>
  </datafield>
  <datafield tag="500" ind1="1" ind2=" ">
    <subfield code="w">r</subfield>
    <subfield code="i">Pseudonym:</subfield>
    <subfield code="a">Marshall, James,</subfield>
    <subfield code="d">1951-</subfield>
    <subfield code="7">xx0233121</subfield>
  </datafield>
  <datafield tag="500" ind1="1" ind2=" ">
    <subfield code="w">r</subfield>
    <subfield code="i">Pseudonym:</subfield>
    <subfield code="a">Menard, Pierre,</subfield>
    <subfield code="d">1951-</subfield>
    <subfield code="7">xx0233125</subfield>
  </datafield>
  <datafield tag="500" ind1="1" ind2=" ">
    <subfield code="w">r</subfield>
    <subfield code="i">Pseudonym:</subfield>
    <subfield code="a">Unruh, Blix,</subfield>
    <subfield code="d">1951-</subfield>
    <subfield code="7">xx0233138</subfield>
  </datafield>
  <datafield tag="500" ind1="1" ind2=" ">
    <subfield code="w">r</subfield>
    <subfield code="i">Pseudonym:</subfield>
    <subfield code="a">Borde, Guy,</subfield>
    <subfield code="d">1951-</subfield>
    <subfield code="7">xx0233094</subfield>
  </datafield>
  <datafield tag="500" ind1="1" ind2=" ">
    <subfield code="w">r</subfield>
    <subfield code="i">Pseudonym:</subfield>
    <subfield code="a">Marvin, Frank,</subfield>
    <subfield code="d">1951-</subfield>
    <subfield code="7">xx0233122</subfield>
  </datafield>
  <datafield tag="500" ind1="1" ind2=" ">
    <subfield code="w">r</subfield>
    <subfield code="i">Pseudonym:</subfield>
    <subfield code="a">Mond, Mustafa,</subfield>
    <subfield code="d">1951-</subfield>
    <subfield code="7">xx0233127</subfield>
  </datafield>
  <datafield tag="500" ind1="1" ind2=" ">
    <subfield code="w">r</subfield>
    <subfield code="i">Pseudonym:</subfield>
    <subfield code="a">Richter, Michael,</subfield>
    <subfield code="d">1951-</subfield>
    <subfield code="7">xx0233132</subfield>
  </datafield>
  <datafield tag="500" ind1="1" ind2=" ">
    <subfield code="w">r</subfield>
    <subfield code="i">Pseudonym:</subfield>
    <subfield code="a">Weisz, Erik,</subfield>
    <subfield code="d">1951-</subfield>
    <subfield code="7">xx0233141</subfield>
  </datafield>
  <datafield tag="500" ind1="1" ind2=" ">
    <subfield code="w">r</subfield>
    <subfield code="i">Pseudonym:</subfield>
    <subfield code="a">Blackhand, Griselda,</subfield>
    <subfield code="d">1951-</subfield>
    <subfield code="7">xx0233093</subfield>
  </datafield>
  <datafield tag="500" ind1="1" ind2=" ">
    <subfield code="w">r</subfield>
    <subfield code="i">Pseudonym:</subfield>
    <subfield code="a">Burger, Ralf,</subfield>
    <subfield code="d">1951-</subfield>
    <subfield code="7">xx0233096</subfield>
  </datafield>
  <datafield tag="500" ind1="1" ind2=" ">
    <subfield code="w">r</subfield>
    <subfield code="i">Pseudonym:</subfield>
    <subfield code="a">Davies, Dave,</subfield>
    <subfield code="d">1951-</subfield>
    <subfield code="7">xx0233100</subfield>
  </datafield>
  <datafield tag="500" ind1="1" ind2=" ">
    <subfield code="w">r</subfield>
    <subfield code="i">Pseudonym:</subfield>
    <subfield code="a">Débris, Jacques,</subfield>
    <subfield code="d">1951-</subfield>
    <subfield code="7">xx0233101</subfield>
  </datafield>
  <datafield tag="500" ind1="1" ind2=" ">
    <subfield code="w">r</subfield>
    <subfield code="i">Pseudonym:</subfield>
    <subfield code="a">Altová, Cathrine L.,</subfield>
    <subfield code="d">1951-</subfield>
    <subfield code="7">xx0233092</subfield>
  </datafield>
  <datafield tag="500" ind1="1" ind2=" ">
    <subfield code="w">r</subfield>
    <subfield code="i">Pseudonym:</subfield>
    <subfield code="a">Dodo, Edoardo,</subfield>
    <subfield code="d">1951-</subfield>
    <subfield code="7">xx0233102</subfield>
  </datafield>
  <datafield tag="500" ind1="1" ind2=" ">
    <subfield code="w">r</subfield>
    <subfield code="i">Pseudonym:</subfield>
    <subfield code="a">Herzog, Werner,</subfield>
    <subfield code="d">1951-</subfield>
    <subfield code="7">xx0233109</subfield>
  </datafield>
  <datafield tag="500" ind1="1" ind2=" ">
    <subfield code="w">r</subfield>
    <subfield code="i">Pseudonym:</subfield>
    <subfield code="a">John-Jules, Danny,</subfield>
    <subfield code="d">1951-</subfield>
    <subfield code="7">xx0233114</subfield>
  </datafield>
  <datafield tag="500" ind1="1" ind2=" ">
    <subfield code="w">r</subfield>
    <subfield code="i">Pseudonym:</subfield>
    <subfield code="a">Slither, Carrie,</subfield>
    <subfield code="d">1951-</subfield>
    <subfield code="7">xx0233134</subfield>
  </datafield>
  <datafield tag="500" ind1="1" ind2=" ">
    <subfield code="w">r</subfield>
    <subfield code="i">Pseudonym:</subfield>
    <subfield code="a">Alm, Maria,</subfield>
    <subfield code="d">1951-</subfield>
    <subfield code="7">xx0233091</subfield>
  </datafield>
  <datafield tag="500" ind1="1" ind2=" ">
    <subfield code="w">r</subfield>
    <subfield code="i">Pseudonym:</subfield>
    <subfield code="a">Fabricius, Kornel,</subfield>
    <subfield code="d">1951-</subfield>
    <subfield code="7">xx0233105</subfield>
  </datafield>
  <datafield tag="500" ind1="1" ind2=" ">
    <subfield code="w">r</subfield>
    <subfield code="i">Pseudonym:</subfield>
    <subfield code="a">Fibrian, Neal,</subfield>
    <subfield code="d">1951-</subfield>
    <subfield code="7">xx0233106</subfield>
  </datafield>
  <datafield tag="500" ind1="1" ind2=" ">
    <subfield code="w">r</subfield>
    <subfield code="i">Pseudonym:</subfield>
    <subfield code="a">Juárez, Ceferino,</subfield>
    <subfield code="d">1951-</subfield>
    <subfield code="7">xx0233115</subfield>
  </datafield>
  <datafield tag="500" ind1="1" ind2=" ">
    <subfield code="w">r</subfield>
    <subfield code="i">Pseudonym:</subfield>
    <subfield code="a">Scharfschwerdt, Klaus,</subfield>
    <subfield code="d">1951-</subfield>
    <subfield code="7">xx0233133</subfield>
  </datafield>
  <datafield tag="500" ind1="1" ind2=" ">
    <subfield code="w">r</subfield>
    <subfield code="i">Pseudonym:</subfield>
    <subfield code="a">Abra, Mary,</subfield>
    <subfield code="d">1951-</subfield>
    <subfield code="7">xx0233090</subfield>
  </datafield>
  <datafield tag="500" ind1="1" ind2=" ">
    <subfield code="w">r</subfield>
    <subfield code="i">Pseudonym:</subfield>
    <subfield code="a">Dobrovská, Lenka,</subfield>
    <subfield code="d">1951-</subfield>
    <subfield code="7">xx0254573</subfield>
  </datafield>
  <datafield tag="500" ind1="0" ind2=" ">
    <subfield code="w">r</subfield>
    <subfield code="i">Pseudonym:</subfield>
    <subfield code="a">Polo,</subfield>
    <subfield code="d">1951-</subfield>
    <subfield code="7">xx0254576</subfield>
  </datafield>
  <datafield tag="500" ind1="1" ind2=" ">
    <subfield code="w">r</subfield>
    <subfield code="i">Pseudonym:</subfield>
    <subfield code="a">Viklef, Günther,</subfield>
    <subfield code="d">1951-</subfield>
    <subfield code="7">xx0254578</subfield>
  </datafield>
  <datafield tag="500" ind1="1" ind2=" ">
    <subfield code="w">r</subfield>
    <subfield code="i">Pseudonym:</subfield>
    <subfield code="a">Giles, Michael,</subfield>
    <subfield code="d">1951-</subfield>
    <subfield code="7">xx0254574</subfield>
  </datafield>
  <datafield tag="500" ind1="1" ind2=" ">
    <subfield code="w">r</subfield>
    <subfield code="i">Pseudonym:</subfield>
    <subfield code="a">Mohar, Miran,</subfield>
    <subfield code="d">1951-</subfield>
    <subfield code="7">xx0254575</subfield>
  </datafield>
  <datafield tag="500" ind1="1" ind2=" ">
    <subfield code="w">r</subfield>
    <subfield code="i">Pseudonym:</subfield>
    <subfield code="a">Ulvaeus, Anni-Frid,</subfield>
    <subfield code="d">1951-</subfield>
    <subfield code="7">xx0254577</subfield>
  </datafield>
  <datafield tag="500" ind1="1" ind2=" ">
    <subfield code="w">r</subfield>
    <subfield code="i">Pseudonym:</subfield>
    <subfield code="a">Vrbenský, Bohuslav,</subfield>
    <subfield code="d">1951-</subfield>
    <subfield code="7">xx0254579</subfield>
  </datafield>
  <datafield tag="665" ind1=" " ind2=" ">
    <subfield code="a">Miroslav Petříček píše pod četnými pseudonymy fiktivní články do časopisu Svět a divadlo.</subfield>
  </datafield>
  <datafield tag="670" ind1=" " ind2=" ">
    <subfield code="a">Crispine, Maria: Umění, které vraždí a léčí. In: Svět a divadlo, roč. 10, č. 5 (1999), s. 4-7</subfield>
    <subfield code="b">autoritní forma</subfield>
  </datafield>
  <datafield tag="670" ind1=" " ind2=" ">
    <subfield code="a">www(Wikipedie, otevřená encyklopedie - Miroslav Petříček), cit. 26. 11. 2020</subfield>
    <subfield code="b">datum narození, biografické údaje</subfield>
    <subfield code="u">https://cs.wikipedia.org/wiki/Miroslav_Petříček</subfield>
  </datafield>
  <datafield tag="670" ind1=" " ind2=" ">
    <subfield code="a">Obsah časopisu Svět a divadlo 2010. In: Svět a divadlo, roč. 22, č. 1 (2011), s. 156-168</subfield>
    <subfield code="b">odkazy viz též</subfield>
  </datafield>
  <datafield tag="670" ind1=" " ind2=" ">
    <subfield code="a">Obsah časopisu Svět a divadlo 2011. In: Svět a divadlo, roč. 23, č. 1 (2012), s. 156-170</subfield>
    <subfield code="b">odkazy viz též</subfield>
  </datafield>
  <datafield tag="670" ind1=" " ind2=" ">
    <subfield code="a">Obsah časopisu Svět a divadlo 2012. In: Svět a divadlo, roč. 24, č. 1 (2013), s. 146-160</subfield>
    <subfield code="b">odkazy viz též</subfield>
  </datafield>
  <datafield tag="670" ind1=" " ind2=" ">
    <subfield code="a">Obsah časopisu Svět a divadlo 2013. In: Svět a divadlo, roč. 25, č. 1 (2014), s. 150-161</subfield>
    <subfield code="b">odkazy viz též</subfield>
  </datafield>
  <datafield tag="670" ind1=" " ind2=" ">
    <subfield code="a">Obsah časopisu Svět a divadlo 2014. In: Svět a divadlo, roč. 26, č. 1 (2015), s. 154-165</subfield>
    <subfield code="b">odkazy viz též</subfield>
  </datafield>
  <datafield tag="670" ind1=" " ind2=" ">
    <subfield code="a">Obsah časopisu Svět a divadlo 2015. In: Svět a divadlo, roč. 27, č. 1 (2016), s. 158-169</subfield>
    <subfield code="b">odkazy viz též</subfield>
  </datafield>
  <datafield tag="670" ind1=" " ind2=" ">
    <subfield code="a">Obsah časopisu Svět a divadlo 2016. In: Svět a divadlo, roč. 28, č. 1 (2017), s. 154-165</subfield>
    <subfield code="b">odkazy viz též</subfield>
  </datafield>
  <datafield tag="670" ind1=" " ind2=" ">
    <subfield code="a">Obsah časopisu Svět a divadlo 2017. In: Svět a divadlo, roč. 29, č. 1 (2018), s. 152-162</subfield>
    <subfield code="b">odkazy viz též</subfield>
  </datafield>
  <datafield tag="670" ind1=" " ind2=" ">
    <subfield code="a">Obsah časopisu Svět a divadlo 2018. In: Svět a divadlo, roč. 30, č. 1 (2019), s. 148-158</subfield>
    <subfield code="b">odkazy viz též</subfield>
  </datafield>
  <datafield tag="670" ind1=" " ind2=" ">
    <subfield code="a">Obsah časopisu Svět a divadlo 1999. In: Svět a divadlo, roč. 11, č. 1 (2000), s. 172-188</subfield>
    <subfield code="b">odkazy viz též</subfield>
  </datafield>
  <datafield tag="678" ind1="0" ind2=" ">
    <subfield code="a">Narozen 21. 2. 1951 v Praze. Prof., Dr., filosof, vysokoškolský pedagog, specializace na současnou francouzskou filosofii a vztah mezi filosofií a uměním, též překladatel z němčiny, francouzštiny a latiny, též texty ke katalogům výstav.</subfield>
  </datafield>
  <datafield tag="906" ind1=" " ind2=" ">
    <subfield code="a">za20201126</subfield>
    <subfield code="b">xalso</subfield>
  </datafield>
  <datafield tag="906" ind1=" " ind2=" ">
    <subfield code="a">op20201127</subfield>
    <subfield code="b">beba</subfield>
    <subfield code="c">Viz též podpole 7; 670bu formální oprava</subfield>
  </datafield>
</record>