

<record>
  <leader>     nz  a22     n  4500</leader>
  <datafield tag="900" ind1=" " ind2=" ">
    <subfield code="a">J-NÁVRH-STT</subfield>
  </datafield>
  <controlfield tag="001">ntk20201094553</controlfield>
  <controlfield tag="003">CZ PrNK</controlfield>
  <controlfield tag="005">20201126232703.0</controlfield>
  <controlfield tag="008">201126|n|aznnnaabn           n a|a      </controlfield>
  <datafield tag="024" ind1="7" ind2=" ">
    <subfield code="a">000000000199612X</subfield>
    <subfield code="2">isni</subfield>
  </datafield>
  <datafield tag="040" ind1=" " ind2=" ">
    <subfield code="a">ABA013</subfield>
    <subfield code="b">cze</subfield>
    <subfield code="e">rda</subfield>
  </datafield>
  <datafield tag="046" ind1=" " ind2=" ">
    <subfield code="f">1700</subfield>
    <subfield code="g">1775</subfield>
  </datafield>
  <datafield tag="100" ind1="1" ind2=" ">
    <subfield code="a">Leizel, Johann Friedrich,</subfield>
    <subfield code="d">1700-1775</subfield>
    <subfield code="7">ntk20201094553</subfield>
  </datafield>
  <datafield tag="370" ind1=" " ind2=" ">
    <subfield code="c">Německo</subfield>
  </datafield>
  <datafield tag="370" ind1=" " ind2=" ">
    <subfield code="f">Augsburg, Německo</subfield>
    <subfield code="s">1740</subfield>
    <subfield code="t">1760</subfield>
  </datafield>
  <datafield tag="370" ind1=" " ind2=" ">
    <subfield code="f">Paříž, Francie</subfield>
    <subfield code="s">1760</subfield>
    <subfield code="t">1760</subfield>
  </datafield>
  <datafield tag="372" ind1=" " ind2=" ">
    <subfield code="a">výtvarné umění</subfield>
    <subfield code="a">rytiny</subfield>
    <subfield code="a">mědirytiny</subfield>
    <subfield code="a">ilustrace</subfield>
    <subfield code="a">knižní ilustrace</subfield>
  </datafield>
  <datafield tag="374" ind1=" " ind2=" ">
    <subfield code="a">výtvarní umělci</subfield>
    <subfield code="a">rytci</subfield>
    <subfield code="a">mědirytci</subfield>
    <subfield code="a">grafici</subfield>
    <subfield code="a">ilustrátoři</subfield>
  </datafield>
  <datafield tag="375" ind1=" " ind2=" ">
    <subfield code="a">muž</subfield>
  </datafield>
  <datafield tag="377" ind1=" " ind2=" ">
    <subfield code="a">ger</subfield>
    <subfield code="a">fre</subfield>
    <subfield code="a">lat</subfield>
  </datafield>
  <datafield tag="400" ind1="1" ind2=" ">
    <subfield code="a">Leizelt, Johann Friedrich,</subfield>
    <subfield code="d">1700-1775</subfield>
    <subfield code="0">o</subfield>
  </datafield>
  <datafield tag="400" ind1="1" ind2=" ">
    <subfield code="a">Leitzelt, Johann Friedrich,</subfield>
    <subfield code="d">1700-1775</subfield>
    <subfield code="0">o</subfield>
  </datafield>
  <datafield tag="400" ind1="1" ind2=" ">
    <subfield code="a">Leizel, Iohannes Fridrich,</subfield>
    <subfield code="d">1700-1775</subfield>
    <subfield code="0">o</subfield>
  </datafield>
  <datafield tag="400" ind1="1" ind2=" ">
    <subfield code="a">Leizel, Friedrich,</subfield>
    <subfield code="d">1700-1775</subfield>
    <subfield code="0">o</subfield>
  </datafield>
  <datafield tag="400" ind1="1" ind2=" ">
    <subfield code="a">Leizelt, Friedrich,</subfield>
    <subfield code="d">1700-1775</subfield>
    <subfield code="0">o</subfield>
  </datafield>
  <datafield tag="400" ind1="1" ind2=" ">
    <subfield code="a">Leitzel, Friedrich,</subfield>
    <subfield code="d">1700-1775</subfield>
    <subfield code="0">o</subfield>
  </datafield>
  <datafield tag="400" ind1="1" ind2=" ">
    <subfield code="a">Leitzelt, Friedrich,</subfield>
    <subfield code="d">1700-1775</subfield>
    <subfield code="0">o</subfield>
  </datafield>
  <datafield tag="400" ind1="1" ind2=" ">
    <subfield code="a">Leizel, J. F.,</subfield>
    <subfield code="d">1700-1775</subfield>
    <subfield code="0">o</subfield>
  </datafield>
  <datafield tag="400" ind1="1" ind2=" ">
    <subfield code="a">Leizel, F.,</subfield>
    <subfield code="d">1700-1775</subfield>
    <subfield code="0">o</subfield>
  </datafield>
  <datafield tag="400" ind1="1" ind2=" ">
    <subfield code="a">Leizelt, J. F.,</subfield>
    <subfield code="d">1700-1775</subfield>
    <subfield code="0">o</subfield>
  </datafield>
  <datafield tag="400" ind1="1" ind2=" ">
    <subfield code="a">Leizelt, F.,</subfield>
    <subfield code="d">1700-1775</subfield>
    <subfield code="0">o</subfield>
  </datafield>
  <datafield tag="400" ind1="1" ind2=" ">
    <subfield code="a">Leitzel, J. F.,</subfield>
    <subfield code="d">1700-1775</subfield>
    <subfield code="0">o</subfield>
  </datafield>
  <datafield tag="400" ind1="1" ind2=" ">
    <subfield code="a">Leitzel, F.,</subfield>
    <subfield code="d">1700-1775</subfield>
    <subfield code="0">o</subfield>
  </datafield>
  <datafield tag="400" ind1="1" ind2=" ">
    <subfield code="a">Leitzelt, J. F.,</subfield>
    <subfield code="d">1700-1775</subfield>
    <subfield code="0">o</subfield>
  </datafield>
  <datafield tag="400" ind1="1" ind2=" ">
    <subfield code="a">Leitzelt, F.,</subfield>
    <subfield code="d">1700-1775</subfield>
    <subfield code="0">o</subfield>
  </datafield>
  <datafield tag="400" ind1="0" ind2=" ">
    <subfield code="a">J. F. L.,</subfield>
    <subfield code="d">1700-1775</subfield>
    <subfield code="0">o</subfield>
  </datafield>
  <datafield tag="667" ind1=" " ind2=" ">
    <subfield code="a">http://d-nb.info/gnd/1053504357. https://catalogue.bnf.fr/ark:/12148/cb149570360.</subfield>
  </datafield>
  <datafield tag="670" ind1=" " ind2=" ">
    <subfield code="a">Guyot, Edme-Gilles. Neue physikalische und mathematische Belustigungen, oder ... . Zweyter Theil. Aus dem Französischen des Herrn Guyot. Augsburg: bey Eberhard Kletts sel. Wittwe, 1772. Některé z nich signovány J. F. Leizel sc. A. V.</subfield>
    <subfield code="b">odkaz viz</subfield>
    <subfield code="u">http://books.google.cz/books?vid=NKP:1002599657&amp;printsec=frontcover</subfield>
  </datafield>
  <datafield tag="670" ind1=" " ind2=" ">
    <subfield code="a">Vüe de l'Intérieur de la Rotonde dans le Jardin de Ranelagh = Prospect von dem Innern de la Rotonde in den garten zu Ranelagh in London [grafika]. Canaleti del.; F. Leizelt sculp. 32 x 44 cm</subfield>
    <subfield code="b">odkaz viz</subfield>
    <subfield code="u">https://gallica.bnf.fr/ark:/12148/btv1b6949246f</subfield>
  </datafield>
  <datafield tag="670" ind1=" " ind2=" ">
    <subfield code="a">DNB, cit. 26. 11. 2020</subfield>
    <subfield code="b">autoritní forma, odkaz viz, datum narození a úmrtí, místo činnosti</subfield>
    <subfield code="u">http://d-nb.info/gnd/1053504357</subfield>
  </datafield>
  <datafield tag="670" ind1=" " ind2=" ">
    <subfield code="a">BNF, cit. 8. 10. 2020</subfield>
    <subfield code="b">odkazy viz, data činnosti</subfield>
    <subfield code="u">https://catalogue.bnf.fr/ark:/12148/cb149570360</subfield>
  </datafield>
  <datafield tag="678" ind1="0" ind2=" ">
    <subfield code="a">Německý grafik, rytec, vydavatel a knižní ilustrátor, činný v Augsburgu přibližně v letech 1740-1740 a také v Paříži kolem roku 1760. Podle DNB je příbuzným (bez bližší identifikace vztahu) s rytcem Balthasarem Friedrichem Leizelem (činným 1750-1800).</subfield>
  </datafield>
  <datafield tag="906" ind1=" " ind2=" ">
    <subfield code="a">za20201126</subfield>
    <subfield code="b">evbr</subfield>
  </datafield>
  <datafield tag="906" ind1=" " ind2=" ">
    <subfield code="a">ko20201126</subfield>
    <subfield code="b">evbr</subfield>
  </datafield>
</record>