

<record>
  <leader>     nz  a22     n  4500</leader>
  <controlfield tag="001">mub20201094560</controlfield>
  <controlfield tag="003">CZ PrNK</controlfield>
  <controlfield tag="005">20201127083729.0</controlfield>
  <controlfield tag="008">201127|n|aznnnaabn           n a|a      </controlfield>
  <datafield tag="040" ind1=" " ind2=" ">
    <subfield code="a">BOD114</subfield>
    <subfield code="b">cze</subfield>
    <subfield code="d">ABA001</subfield>
    <subfield code="e">rda</subfield>
  </datafield>
  <datafield tag="046" ind1=" " ind2=" ">
    <subfield code="f">1970</subfield>
  </datafield>
  <datafield tag="100" ind1="1" ind2=" ">
    <subfield code="a">Zieleniecki, Marcin,</subfield>
    <subfield code="d">1970-</subfield>
    <subfield code="7">mub20201094560</subfield>
  </datafield>
  <datafield tag="370" ind1=" " ind2=" ">
    <subfield code="c">Polsko</subfield>
  </datafield>
  <datafield tag="372" ind1=" " ind2=" ">
    <subfield code="a">pracovní právo</subfield>
    <subfield code="a">pracovněprávní vztahy</subfield>
    <subfield code="a">evropské právo</subfield>
    <subfield code="a">výkladové slovníky</subfield>
  </datafield>
  <datafield tag="374" ind1=" " ind2=" ">
    <subfield code="a">právníci</subfield>
    <subfield code="a">vysokoškolští učitelé</subfield>
  </datafield>
  <datafield tag="375" ind1=" " ind2=" ">
    <subfield code="a">muž</subfield>
  </datafield>
  <datafield tag="377" ind1=" " ind2=" ">
    <subfield code="a">pol</subfield>
  </datafield>
  <datafield tag="400" ind1="1" ind2=" ">
    <subfield code="a">Zieleniecki, Marcin Antoni,</subfield>
    <subfield code="d">1970-</subfield>
    <subfield code="0">o</subfield>
  </datafield>
  <datafield tag="670" ind1=" " ind2=" ">
    <subfield code="a">Leksykon prawa pracy : 100 podstawowych pojęć (pod redakcją Jakuba Steliny ; autorzy leksykonu Urszula Jackowiak, Maciej Piankowski, Jakub Stelina, Monika Tomaszewska, Waldemar Uziak, Alina Wypych-Żywicka, Marcin Zieleniecki), 2008</subfield>
  </datafield>
  <datafield tag="670" ind1=" " ind2=" ">
    <subfield code="a">NUKAT, cit. 27. 11. 2020</subfield>
    <subfield code="b">autoritní forma, odkaz viz</subfield>
  </datafield>
  <datafield tag="670" ind1=" " ind2=" ">
    <subfield code="a">BNPL, cit. 27. 11. 2020</subfield>
    <subfield code="b">publikační zaměření, profesní údaje</subfield>
  </datafield>
  <datafield tag="670" ind1=" " ind2=" ">
    <subfield code="a">www(Wikipedia, wolna encyklopedia), cit. 27. 11. 2020</subfield>
    <subfield code="b">biografické údaje, datum narození</subfield>
    <subfield code="u">https://pl.wikipedia.org/wiki/Marcin_Zieleniecki</subfield>
  </datafield>
  <datafield tag="678" ind1="0" ind2=" ">
    <subfield code="a">Polský právník, specialista na pracovní právo, evropské pracovní právo, pracovněprávní vztahy a kolektivní pracovní právo v 21. století, spluautor oborových terminologických a výkladových slovníků, vysokoškolský pedagog na na univerzitě v Gdaňsku.</subfield>
  </datafield>
  <datafield tag="906" ind1=" " ind2=" ">
    <subfield code="a">ko20201127</subfield>
    <subfield code="b">pospel</subfield>
  </datafield>
  <datafield tag="906" ind1=" " ind2=" ">
    <subfield code="a">vr20201127</subfield>
    <subfield code="b">maku</subfield>
  </datafield>
</record>