

<record>
  <leader>     nz  a22     n  4500</leader>
  <datafield tag="900" ind1=" " ind2=" ">
    <subfield code="a">J-NÁVRH</subfield>
  </datafield>
  <controlfield tag="001">xx0254581</controlfield>
  <controlfield tag="003">CZ PrNK</controlfield>
  <controlfield tag="005">20201126191252.7</controlfield>
  <controlfield tag="008">201126|n|aznnnaabn           n a|a      </controlfield>
  <datafield tag="040" ind1=" " ind2=" ">
    <subfield code="a">ABE304</subfield>
    <subfield code="b">cze</subfield>
    <subfield code="e">rda</subfield>
  </datafield>
  <datafield tag="046" ind1=" " ind2=" ">
    <subfield code="f">1977</subfield>
  </datafield>
  <datafield tag="100" ind1="1" ind2=" ">
    <subfield code="a">Rock, Eleanor,</subfield>
    <subfield code="d">1977-</subfield>
    <subfield code="7">xx0254581</subfield>
  </datafield>
  <datafield tag="370" ind1=" " ind2=" ">
    <subfield code="c">Česko</subfield>
  </datafield>
  <datafield tag="372" ind1=" " ind2=" ">
    <subfield code="a">poezie</subfield>
    <subfield code="a">divadlo</subfield>
    <subfield code="a">drama</subfield>
    <subfield code="a">management kultury</subfield>
  </datafield>
  <datafield tag="374" ind1=" " ind2=" ">
    <subfield code="a">manažeři</subfield>
    <subfield code="a">dramaturgové</subfield>
    <subfield code="a">dramatici</subfield>
    <subfield code="a">režiséři</subfield>
  </datafield>
  <datafield tag="375" ind1=" " ind2=" ">
    <subfield code="a">muž</subfield>
  </datafield>
  <datafield tag="377" ind1=" " ind2=" ">
    <subfield code="a">cze</subfield>
  </datafield>
  <datafield tag="500" ind1="1" ind2=" ">
    <subfield code="w">r</subfield>
    <subfield code="i">Skutečné jméno:</subfield>
    <subfield code="a">Boháč, Petr,</subfield>
    <subfield code="d">1977-</subfield>
    <subfield code="7">js20060310002</subfield>
  </datafield>
  <datafield tag="500" ind1="1" ind2=" ">
    <subfield code="w">r</subfield>
    <subfield code="i">Pseudonym:</subfield>
    <subfield code="a">Jarkowský, Jiří,</subfield>
    <subfield code="d">1977-</subfield>
    <subfield code="7">xx0232407</subfield>
  </datafield>
  <datafield tag="500" ind1="1" ind2=" ">
    <subfield code="w">r</subfield>
    <subfield code="i">Pseudonym:</subfield>
    <subfield code="a">Soto, Oleg de,</subfield>
    <subfield code="d">1977-</subfield>
    <subfield code="7">xx0232406</subfield>
  </datafield>
  <datafield tag="500" ind1="1" ind2=" ">
    <subfield code="w">r</subfield>
    <subfield code="i">Pseudonym:</subfield>
    <subfield code="a">Skałnik, Pjotr,</subfield>
    <subfield code="d">1977-</subfield>
  </datafield>
  <datafield tag="670" ind1=" " ind2=" ">
    <subfield code="a">Rock, Eleanor: Anatomie slasti. In: Svět a divadlo, roč. 30, č. 5 (2019), s. 16-19</subfield>
    <subfield code="b">autoritní forma</subfield>
  </datafield>
  <datafield tag="670" ind1=" " ind2=" ">
    <subfield code="a">Petr Boháč- Musím se nechat herci oblouznit. In: Divadelní noviny, č. 22, 21.12.2014, s. 8-9</subfield>
    <subfield code="b">odkaz viz též, biografické údaje</subfield>
  </datafield>
  <datafield tag="670" ind1=" " ind2=" ">
    <subfield code="a">Obsah časopisu Svět a divadlo 2018. In: Svět a divadlo, roč. 30, č. 1, 2019, s. 148-158</subfield>
    <subfield code="b">odkaz viz též</subfield>
  </datafield>
  <datafield tag="670" ind1=" " ind2=" ">
    <subfield code="a">Obsah časopisu Svět a divadlo 2019. In: Svět a divadlo, roč. 31, č. 1 (2020), s. 150-161</subfield>
    <subfield code="b">odkazy viz též</subfield>
  </datafield>
  <datafield tag="678" ind1="0" ind2=" ">
    <subfield code="a">Narozen 1977. Autor článků o poezii, kulturní manažer, dramaturg, dramatik a režisér.</subfield>
  </datafield>
  <datafield tag="906" ind1=" " ind2=" ">
    <subfield code="a">za20201126</subfield>
    <subfield code="b">xalso</subfield>
  </datafield>
</record>