

<record>
  <leader>     nz  a22     n  4500</leader>
  <controlfield tag="001">kon20201094570</controlfield>
  <controlfield tag="003">CZ PrNK</controlfield>
  <controlfield tag="005">20201127080855.0</controlfield>
  <controlfield tag="008">201127|n|aznnnaabn           n a|a      </controlfield>
  <datafield tag="040" ind1=" " ind2=" ">
    <subfield code="a">ABA001</subfield>
    <subfield code="b">cze</subfield>
    <subfield code="e">rda</subfield>
  </datafield>
  <datafield tag="110" ind1="2" ind2=" ">
    <subfield code="a">Besídka Daniela Adama z Veleslavína (spolek).</subfield>
    <subfield code="t">Výroční zpráva (Besídka Daniela Adama z Veleslavína (spolek))</subfield>
    <subfield code="7">kon20201094570</subfield>
  </datafield>
  <datafield tag="410" ind1="2" ind2=" ">
    <subfield code="a">Besídka Daniela Adama z Veleslavína (spolek).</subfield>
    <subfield code="t">Zpráva o činnosti učnovské Besídky Daniela Adama z Veleslavína při spolku "Typografia" v Praze</subfield>
    <subfield code="0">o</subfield>
  </datafield>
  <datafield tag="670" ind1=" " ind2=" ">
    <subfield code="a">Zpráva o činnosti učnovské Besídky Daniela Adama z Veleslavína při spolku "Typografia" v Praze. [Praha] : [nakladatel není známý],1919-[1920?]</subfield>
  </datafield>
  <datafield tag="906" ind1=" " ind2=" ">
    <subfield code="a">br20201127</subfield>
    <subfield code="b">juri</subfield>
  </datafield>
  <datafield tag="906" ind1=" " ind2=" ">
    <subfield code="a">ks20201127</subfield>
    <subfield code="b">juri</subfield>
  </datafield>
</record>