

<record>
  <leader>     nz  a22     n  4500</leader>
  <controlfield tag="001">kon20201094571</controlfield>
  <controlfield tag="003">CZ PrNK</controlfield>
  <controlfield tag="005">20201127082633.0</controlfield>
  <controlfield tag="008">201127|n|aznnnaabn           n a|a      </controlfield>
  <datafield tag="040" ind1=" " ind2=" ">
    <subfield code="a">ABA001</subfield>
    <subfield code="b">cze</subfield>
    <subfield code="e">rda</subfield>
  </datafield>
  <datafield tag="110" ind1="2" ind2=" ">
    <subfield code="a">Český vysloužilec v Karlíně (spolek).</subfield>
    <subfield code="t">Výroční zpráva (Český vysloužilec v Karlíně (spolek))</subfield>
    <subfield code="7">kon20201094571</subfield>
  </datafield>
  <datafield tag="410" ind1="2" ind2=" ">
    <subfield code="a">Český vysloužilec v Karlíně (spolek).</subfield>
    <subfield code="t">Výroční zpráva spolku vojenských vysloužilců "Český vysloužilec" v Karlíně</subfield>
    <subfield code="0">o</subfield>
  </datafield>
  <datafield tag="670" ind1=" " ind2=" ">
    <subfield code="a">Výroční zpráva spolku vojenských vysloužilců "Český vysloužilec" v Karlíně. [Praha] : nákladem spolku, [1874-1886?]</subfield>
  </datafield>
  <datafield tag="906" ind1=" " ind2=" ">
    <subfield code="a">br20201127</subfield>
    <subfield code="b">juri</subfield>
  </datafield>
  <datafield tag="906" ind1=" " ind2=" ">
    <subfield code="a">ks20201127</subfield>
    <subfield code="b">juri</subfield>
  </datafield>
</record>