

<record>
  <leader>     nz  a22     n  4500</leader>
  <datafield tag="900" ind1=" " ind2=" ">
    <subfield code="a">*K-NÁVRH</subfield>
  </datafield>
  <controlfield tag="001">olak20201094573</controlfield>
  <controlfield tag="003">CZ PrNK</controlfield>
  <controlfield tag="005">20201127084326.0</controlfield>
  <controlfield tag="008">201127|n|aznnnaabn           n a|a      </controlfield>
  <datafield tag="040" ind1=" " ind2=" ">
    <subfield code="a">OLA001</subfield>
    <subfield code="b">cze</subfield>
    <subfield code="e">rda</subfield>
  </datafield>
  <datafield tag="110" ind1="2" ind2=" ">
    <subfield code="a">Schönhengster Sing- und Spielschar</subfield>
    <subfield code="7">olak20201094573</subfield>
  </datafield>
  <datafield tag="368" ind1=" " ind2=" ">
    <subfield code="a">vlastenecké spolky</subfield>
  </datafield>
  <datafield tag="370" ind1=" " ind2=" ">
    <subfield code="c">Německo</subfield>
  </datafield>
  <datafield tag="372" ind1=" " ind2=" ">
    <subfield code="a">lidová kultura</subfield>
    <subfield code="a">lidové písně</subfield>
    <subfield code="a">lidová hudba</subfield>
    <subfield code="a">lidové tance</subfield>
    <subfield code="a">lidové zvyky</subfield>
  </datafield>
  <datafield tag="377" ind1=" " ind2=" ">
    <subfield code="a">ger</subfield>
  </datafield>
  <datafield tag="670" ind1=" " ind2=" ">
    <subfield code="a">Ein hlabes Jahrhundert gelebte und erlebte Kultur : 1954-2004 : Festschrift zum 50-jährigen Jubiläum der Schönhengster Sing- und Spielschar, [2004]</subfield>
    <subfield code="b">autoritní forma</subfield>
  </datafield>
  <datafield tag="670" ind1=" " ind2=" ">
    <subfield code="a">www(oficiální stránka korporace), cit. 27. 11. 2020</subfield>
    <subfield code="b">autoritní forma</subfield>
  </datafield>
  <datafield tag="675" ind1=" " ind2=" ">
    <subfield code="a">LC (Names), cit. 27. 11. 2020</subfield>
  </datafield>
  <datafield tag="678" ind1=" " ind2=" ">
    <subfield code="a">Německý vlastenecký spolek zabývající se kulturou německojazyčné oblasti Hřebečsko.</subfield>
  </datafield>
  <datafield tag="906" ind1=" " ind2=" ">
    <subfield code="a">ko20201127</subfield>
    <subfield code="b">vepo</subfield>
  </datafield>
</record>