

<record>
  <leader>     cz  a22     n  4500</leader>
  <controlfield tag="001">ko20201094578</controlfield>
  <controlfield tag="003">CZ PrNK</controlfield>
  <controlfield tag="005">20201127130859.0</controlfield>
  <controlfield tag="008">201127|n|aznnnaabn           n a|a      </controlfield>
  <datafield tag="040" ind1=" " ind2=" ">
    <subfield code="a">ABA001</subfield>
    <subfield code="b">cze</subfield>
    <subfield code="d">ABA001</subfield>
    <subfield code="e">rda</subfield>
  </datafield>
  <datafield tag="111" ind1="2" ind2=" ">
    <subfield code="a">Odhaľovanie Šoa (konference)</subfield>
    <subfield code="d">(2015 :</subfield>
    <subfield code="c">Žilina, Slovensko)</subfield>
    <subfield code="7">ko20201094578</subfield>
  </datafield>
  <datafield tag="368" ind1=" " ind2=" ">
    <subfield code="a">mezinárodní konference</subfield>
    <subfield code="a">konference</subfield>
  </datafield>
  <datafield tag="370" ind1=" " ind2=" ">
    <subfield code="c">Slovensko</subfield>
    <subfield code="e">Žilina, Slovensko</subfield>
  </datafield>
  <datafield tag="372" ind1=" " ind2=" ">
    <subfield code="a">holocaust (1939-1945)</subfield>
    <subfield code="a">deportace Židů</subfield>
  </datafield>
  <datafield tag="377" ind1=" " ind2=" ">
    <subfield code="a">slo</subfield>
    <subfield code="a">eng</subfield>
  </datafield>
  <datafield tag="411" ind1="2" ind2=" ">
    <subfield code="a">Uncovering the Shoah (konference)</subfield>
    <subfield code="d">(2015 :</subfield>
    <subfield code="c">Žilina, Slovensko)</subfield>
    <subfield code="0">o</subfield>
  </datafield>
  <datafield tag="670" ind1=" " ind2=" ">
    <subfield code="a">Odhaľovanie Šoa : odpor a úsilie Židov informovať svet o genocíde : zborník z medzinárodnej vedeckej konferencie konanej dňa 26. augusta 2015 v Žiline = Uncovering the Shoah : resistance of Jews and their efforts to inform the world on genocide : proceedings of the international academic conference held on 26th August 2015 in Žilina / editori Ján Hlavinka a Hana Kubátová ; preklad Mojmír Kallus</subfield>
  </datafield>
  <datafield tag="906" ind1=" " ind2=" ">
    <subfield code="a">za20201127</subfield>
    <subfield code="b">mosa</subfield>
  </datafield>
  <datafield tag="906" ind1=" " ind2=" ">
    <subfield code="a">op20201127</subfield>
    <subfield code="b">svsv</subfield>
    <subfield code="c">Viz též - nově</subfield>
  </datafield>
</record>