

<record>
  <leader>     nz  a22     n  4500</leader>
  <controlfield tag="001">aun20201094593</controlfield>
  <controlfield tag="003">CZ PrNK</controlfield>
  <controlfield tag="005">20201127095020.0</controlfield>
  <controlfield tag="008">201127|n|aznnnaabn           n a|a      </controlfield>
  <datafield tag="040" ind1=" " ind2=" ">
    <subfield code="a">ABA001</subfield>
    <subfield code="b">cze</subfield>
    <subfield code="e">rda</subfield>
  </datafield>
  <datafield tag="100" ind1="0" ind2=" ">
    <subfield code="a">Diogenés Laertios,</subfield>
    <subfield code="d">činný 2. století-3. století.</subfield>
    <subfield code="t">Život a učení filosofa Epikura.</subfield>
    <subfield code="l">Latinsky</subfield>
    <subfield code="7">aun20201094593</subfield>
  </datafield>
  <datafield tag="400" ind1="0" ind2=" ">
    <subfield code="a">Diogenés Laertios,</subfield>
    <subfield code="d">činný 2. století-3. století.</subfield>
    <subfield code="t">De vita, moribus, placitisque Epicuri</subfield>
    <subfield code="0">o</subfield>
  </datafield>
  <datafield tag="400" ind1="0" ind2=" ">
    <subfield code="a">Diogenés Laertios,</subfield>
    <subfield code="d">činný 2. století-3. století.</subfield>
    <subfield code="t">De vita et moribus philosophorum</subfield>
    <subfield code="n">Liber 10</subfield>
    <subfield code="0">o</subfield>
  </datafield>
  <datafield tag="400" ind1="0" ind2=" ">
    <subfield code="a">Diogenés Laertios,</subfield>
    <subfield code="d">činný 2. století-3. století.</subfield>
    <subfield code="t">Vitae philosophorum</subfield>
    <subfield code="n">Liber 10</subfield>
    <subfield code="0">o</subfield>
  </datafield>
  <datafield tag="670" ind1=" " ind2=" ">
    <subfield code="a">Slovník řeckých spisovatelů: LEDA</subfield>
  </datafield>
  <datafield tag="670" ind1=" " ind2=" ">
    <subfield code="a">LC (Names)</subfield>
  </datafield>
  <datafield tag="670" ind1=" " ind2=" ">
    <subfield code="a">Epikur im lateinischen Mittelalter : mit einer kritischen Edition des X. Buches der Vitae philosophorum des Diogenes Laertios in der lateinischen Übersetzung von Ambrogio Traversari (1433) / Christian Kaiser. Turnhout, Belgium : Brepols, 2019</subfield>
  </datafield>
  <datafield tag="906" ind1=" " ind2=" ">
    <subfield code="a">br20201127</subfield>
    <subfield code="b">hape</subfield>
  </datafield>
</record>