

<record>
  <leader>     nz  a22     n  4500</leader>
  <datafield tag="900" ind1=" " ind2=" ">
    <subfield code="a">G-NÁVRH</subfield>
  </datafield>
  <controlfield tag="001">ge1094613</controlfield>
  <controlfield tag="003">CZ PrNK</controlfield>
  <controlfield tag="005">20201127104708.0</controlfield>
  <controlfield tag="008">201127|n|acznnbabn           n a|a      </controlfield>
  <datafield tag="034" ind1=" " ind2=" ">
    <subfield code="d">E013.4928</subfield>
    <subfield code="e">E013.4928</subfield>
    <subfield code="f">N046.7997</subfield>
    <subfield code="g">N046.7997</subfield>
  </datafield>
  <datafield tag="040" ind1=" " ind2=" ">
    <subfield code="a">BOD004</subfield>
    <subfield code="b">cze</subfield>
  </datafield>
  <datafield tag="043" ind1=" " ind2=" ">
    <subfield code="a">e-au---</subfield>
  </datafield>
  <datafield tag="080" ind1=" " ind2=" ">
    <subfield code="a">(436.5)</subfield>
    <subfield code="2">MRF_2003</subfield>
  </datafield>
  <datafield tag="151" ind1=" " ind2=" ">
    <subfield code="a">Spittal an der Drau (Rakousko : oblast)</subfield>
    <subfield code="7">ge1094613</subfield>
  </datafield>
  <datafield tag="751" ind1="0" ind2="7">
    <subfield code="a">Spittal an der Drau Region (Austria)</subfield>
    <subfield code="2">eczenas</subfield>
  </datafield>
  <datafield tag="GPS" ind1=" " ind2=" ">
    <subfield code="a">46°47'58.8"N</subfield>
    <subfield code="c">13°29'34.1"E</subfield>
  </datafield>
  <datafield tag="956" ind1="4" ind2=" ">
    <subfield code="u">http://aleph.nkp.cz/aleph-cgi/show_map?ll=46.79967,13.49281&amp;z=12</subfield>
    <subfield code="y">Zobrazit na mapě</subfield>
    <subfield code="4">N</subfield>
  </datafield>
  <datafield tag="906" ind1=" " ind2=" ">
    <subfield code="a">za20201127</subfield>
    <subfield code="b">kourilova</subfield>
  </datafield>
</record>