

<record>
  <leader>     nz  a22     n  4500</leader>
  <controlfield tag="001">aun20201094615</controlfield>
  <controlfield tag="003">CZ PrNK</controlfield>
  <controlfield tag="005">20201127104838.0</controlfield>
  <controlfield tag="008">201127|n|aznnnaabn           n a|a      </controlfield>
  <datafield tag="040" ind1=" " ind2=" ">
    <subfield code="a">ABA001</subfield>
    <subfield code="b">cze</subfield>
    <subfield code="e">rda</subfield>
  </datafield>
  <datafield tag="100" ind1="1" ind2=" ">
    <subfield code="a">Bartók, Béla,</subfield>
    <subfield code="d">1881-1945.</subfield>
    <subfield code="t">Kilenc csodaszarvas (libreto).</subfield>
    <subfield code="l">Německy</subfield>
    <subfield code="7">aun20201094615</subfield>
  </datafield>
  <datafield tag="400" ind1="1" ind2=" ">
    <subfield code="a">Bartók, Béla,</subfield>
    <subfield code="d">1881-1945.</subfield>
    <subfield code="t">Neun Zauberhirsche (libreto)</subfield>
    <subfield code="0">o</subfield>
  </datafield>
  <datafield tag="400" ind1="1" ind2=" ">
    <subfield code="a">Bartók, Béla,</subfield>
    <subfield code="d">1881-1945.</subfield>
    <subfield code="t">Zauberhirsche (libreto)</subfield>
    <subfield code="0">o</subfield>
  </datafield>
  <datafield tag="670" ind1=" " ind2=" ">
    <subfield code="a">www(Wikipédia, a szabad enciklopédia)</subfield>
  </datafield>
  <datafield tag="670" ind1=" " ind2=" ">
    <subfield code="a">LC (Names)</subfield>
  </datafield>
  <datafield tag="670" ind1=" " ind2=" ">
    <subfield code="a">A cantata profana bűvöletében / Bartók Béla. Budapest : Rózsavölgyi és Társa, [2006]</subfield>
  </datafield>
  <datafield tag="906" ind1=" " ind2=" ">
    <subfield code="a">br20201127</subfield>
    <subfield code="b">hape</subfield>
  </datafield>
  <datafield tag="906" ind1=" " ind2=" ">
    <subfield code="a">ks20201127</subfield>
    <subfield code="b">hape</subfield>
  </datafield>
</record>