

<record>
  <leader>     nz  a22     n  4500</leader>
  <datafield tag="900" ind1=" " ind2=" ">
    <subfield code="a">*J-NÁVRH</subfield>
  </datafield>
  <controlfield tag="001">mub20201094638</controlfield>
  <controlfield tag="003">CZ PrNK</controlfield>
  <controlfield tag="005">20201127111036.0</controlfield>
  <controlfield tag="008">201127|n|aznnnaabn           n a|a      </controlfield>
  <datafield tag="040" ind1=" " ind2=" ">
    <subfield code="a">BOD018</subfield>
    <subfield code="b">cze</subfield>
    <subfield code="e">rda</subfield>
  </datafield>
  <datafield tag="100" ind1="1" ind2=" ">
    <subfield code="a">Shetty, Sachin</subfield>
    <subfield code="7">mub20201094638</subfield>
  </datafield>
  <datafield tag="370" ind1=" " ind2=" ">
    <subfield code="c">Spojené státy americké</subfield>
  </datafield>
  <datafield tag="372" ind1=" " ind2=" ">
    <subfield code="a">informatika</subfield>
    <subfield code="a">výpočetní technika</subfield>
    <subfield code="a">kybernetická bezpečnost</subfield>
    <subfield code="a">počítačová bezpečnost</subfield>
    <subfield code="a">strojové učení</subfield>
  </datafield>
  <datafield tag="374" ind1=" " ind2=" ">
    <subfield code="a">informatici</subfield>
    <subfield code="a">počítačoví vědci</subfield>
    <subfield code="a">informační vědci</subfield>
    <subfield code="a">vysokoškolští učitelé</subfield>
  </datafield>
  <datafield tag="375" ind1=" " ind2=" ">
    <subfield code="a">muž</subfield>
  </datafield>
  <datafield tag="377" ind1=" " ind2=" ">
    <subfield code="a">eng</subfield>
  </datafield>
  <datafield tag="670" ind1=" " ind2=" ">
    <subfield code="a">Vasudevan, Vinod - Mangla, Anoop - Ummer, Firosh - Shetty, Sachin - Pakala, Sangita - Anbalalahan, Siddharth: Application security in the ISO 27001 : 2013 environment, 2015</subfield>
  </datafield>
  <datafield tag="670" ind1=" " ind2=" ">
    <subfield code="a">LC (Names), cit. 27. 11. 2020</subfield>
    <subfield code="b">autoritní forma</subfield>
  </datafield>
  <datafield tag="670" ind1=" " ind2=" ">
    <subfield code="a">www(Old Dominion University, Department of Computational, Modeling and Simulation Engineering), cit. 27. 11. 2020</subfield>
    <subfield code="b">biografické údaje</subfield>
    <subfield code="u">https://ww2.odu.edu/~sshetty/</subfield>
  </datafield>
  <datafield tag="678" ind1="0" ind2=" ">
    <subfield code="a">Americký počítačový odborník, původem z Indie, vysokoškolský pedagog informatiky, specialista na strojové učení a kybernetickou bezpečnost.</subfield>
  </datafield>
  <datafield tag="906" ind1=" " ind2=" ">
    <subfield code="a">za20201127</subfield>
    <subfield code="b">vesela</subfield>
  </datafield>
  <datafield tag="906" ind1=" " ind2=" ">
    <subfield code="a">ko20200000</subfield>
    <subfield code="b">pospel</subfield>
    <subfield code="c">*</subfield>
  </datafield>
</record>