

<record>
  <leader>     nz  a22     n  4500</leader>
  <controlfield tag="001">aun20201094645</controlfield>
  <controlfield tag="003">CZ PrNK</controlfield>
  <controlfield tag="005">20201127112741.0</controlfield>
  <controlfield tag="008">201127|n|aznnnaabn           n a|a      </controlfield>
  <datafield tag="040" ind1=" " ind2=" ">
    <subfield code="a">ABA001</subfield>
    <subfield code="b">cze</subfield>
    <subfield code="e">rda</subfield>
  </datafield>
  <datafield tag="100" ind1="1" ind2=" ">
    <subfield code="a">Wells, H. G.</subfield>
    <subfield code="q">(Herbert George),</subfield>
    <subfield code="d">1866-1946.</subfield>
    <subfield code="t">Passionate friends.</subfield>
    <subfield code="l">Česky</subfield>
    <subfield code="7">aun20201094645</subfield>
  </datafield>
  <datafield tag="400" ind1="1" ind2=" ">
    <subfield code="a">Wells, H. G.</subfield>
    <subfield code="q">(Herbert George),</subfield>
    <subfield code="d">1866-1946.</subfield>
    <subfield code="t">Vášniví přátelé</subfield>
    <subfield code="0">o</subfield>
  </datafield>
  <datafield tag="667" ind1=" " ind2=" ">
    <subfield code="a">Úplný název: The passionate friends.</subfield>
  </datafield>
  <datafield tag="670" ind1=" " ind2=" ">
    <subfield code="a">BLCP, cit. 27. 11. 2020</subfield>
  </datafield>
  <datafield tag="670" ind1=" " ind2=" ">
    <subfield code="a">www(Wikipedia, the free encyclopedia), cit. 27. 11. 2020</subfield>
  </datafield>
  <datafield tag="670" ind1=" " ind2=" ">
    <subfield code="a">H.G. Wells: Vášniví přátelé. V Praze : Jos. R. Vilímek, 1928</subfield>
  </datafield>
  <datafield tag="906" ind1=" " ind2=" ">
    <subfield code="a">br20201127</subfield>
    <subfield code="b">blau</subfield>
  </datafield>
  <datafield tag="906" ind1=" " ind2=" ">
    <subfield code="a">ks20201127</subfield>
    <subfield code="b">blau</subfield>
  </datafield>
</record>