

<record>
  <leader>     nz  a22     n  4500</leader>
  <datafield tag="900" ind1=" " ind2=" ">
    <subfield code="a">J-NÁVRH</subfield>
  </datafield>
  <controlfield tag="001">xx0254620</controlfield>
  <controlfield tag="003">CZ PrNK</controlfield>
  <controlfield tag="005">20201127132319.2</controlfield>
  <controlfield tag="008">201127|n|aznnnaabn           n a|a      </controlfield>
  <datafield tag="040" ind1=" " ind2=" ">
    <subfield code="a">ABA008</subfield>
    <subfield code="b">cze</subfield>
    <subfield code="e">rda</subfield>
  </datafield>
  <datafield tag="100" ind1="1" ind2=" ">
    <subfield code="a">Švadlenová, Jana</subfield>
    <subfield code="7">xx0254620</subfield>
  </datafield>
  <datafield tag="368" ind1=" " ind2=" ">
    <subfield code="d">Mgr.</subfield>
    <subfield code="s">2006</subfield>
  </datafield>
  <datafield tag="368" ind1=" " ind2=" ">
    <subfield code="d">DiS.</subfield>
  </datafield>
  <datafield tag="370" ind1=" " ind2=" ">
    <subfield code="c">Česko</subfield>
  </datafield>
  <datafield tag="372" ind1=" " ind2=" ">
    <subfield code="a">sociální práce</subfield>
    <subfield code="a">supervize</subfield>
    <subfield code="a">adiktologie</subfield>
    <subfield code="a">rodinná psychoterapie</subfield>
    <subfield code="a">organizace a řízení</subfield>
  </datafield>
  <datafield tag="374" ind1=" " ind2=" ">
    <subfield code="a">sociální práce</subfield>
    <subfield code="a">lektorky (vzdělávání)</subfield>
    <subfield code="a">psychoterapeutky</subfield>
  </datafield>
  <datafield tag="375" ind1=" " ind2=" ">
    <subfield code="a">žena</subfield>
  </datafield>
  <datafield tag="377" ind1=" " ind2=" ">
    <subfield code="a">cze</subfield>
  </datafield>
  <datafield tag="670" ind1=" " ind2=" ">
    <subfield code="a">Švadlenová, Jana: [Supervize v adiktologické praxi]. Adiktologie (Tišnov), 2009, roč. 9, č. 3, s. 176-177.</subfield>
    <subfield code="b">autoritní forma, pracoviště</subfield>
  </datafield>
  <datafield tag="670" ind1=" " ind2=" ">
    <subfield code="a">www(REMEDIUM - Lektorský tým v oblasti supervize a řízení), cit. 27. 11. 2020</subfield>
    <subfield code="b">titul Mgr., DiS., profese, specializace</subfield>
  </datafield>
  <datafield tag="670" ind1=" " ind2=" ">
    <subfield code="a">www(Informační systém Univerzity Karlovy), cit. 27. 11. 2020</subfield>
    <subfield code="b">rok získání Mgr.</subfield>
  </datafield>
  <datafield tag="678" ind1="0" ind2=" ">
    <subfield code="a">Mgr., DiS., sociální pracovnice, odbornice v oboru řízení a supervize v sociálních a zdravotnických organizacích, rodinná terapeutka, lektorka (DRUG – OUT Klub, z.s. v Ústí nad Labem; Fakulta humanitních studií, Univerzita Karlova, Praha).</subfield>
  </datafield>
  <datafield tag="906" ind1=" " ind2=" ">
    <subfield code="a">za20201127</subfield>
    <subfield code="b">xdapi</subfield>
  </datafield>
</record>