

<record>
  <leader>     nz  a22     n  4500</leader>
  <controlfield tag="001">kon20201094686</controlfield>
  <controlfield tag="003">CZ PrNK</controlfield>
  <controlfield tag="005">20201127142156.0</controlfield>
  <controlfield tag="008">201127|n|aznnnaabn           n a|a      </controlfield>
  <datafield tag="040" ind1=" " ind2=" ">
    <subfield code="a">ABA001</subfield>
    <subfield code="b">cze</subfield>
    <subfield code="e">rda</subfield>
  </datafield>
  <datafield tag="110" ind1="2" ind2=" ">
    <subfield code="a">Stiftung Preussischer Kulturbesitz.</subfield>
    <subfield code="t">Výroční zpráva (Stiftung Preussischer Kulturbesitz).</subfield>
    <subfield code="l">Německy</subfield>
    <subfield code="7">kon20201094686</subfield>
  </datafield>
  <datafield tag="410" ind1="2" ind2=" ">
    <subfield code="a">Stiftung Preussischer Kulturbesitz.</subfield>
    <subfield code="t">Jahresbericht (Stiftung Preußischer Kulturbesitz)</subfield>
    <subfield code="0">o</subfield>
  </datafield>
  <datafield tag="410" ind1="2" ind2=" ">
    <subfield code="a">Stiftung Preussischer Kulturbesitz.</subfield>
    <subfield code="t">Jahresbericht der Stiftung Preußischer Kulturbesitz</subfield>
    <subfield code="0">o</subfield>
  </datafield>
  <datafield tag="670" ind1=" " ind2=" ">
    <subfield code="a">DNB, cit. 27. 11. 2020</subfield>
  </datafield>
  <datafield tag="856" ind1="4" ind2="2">
    <subfield code="u">https://www.preussischer-kulturbesitz.de/ueber-uns/publikationen/jahresberichte-der-spk.html</subfield>
    <subfield code="4">N</subfield>
  </datafield>
  <datafield tag="906" ind1=" " ind2=" ">
    <subfield code="a">br20201127</subfield>
    <subfield code="b">blau</subfield>
  </datafield>
</record>